3054 5174
707 425 757 501 27

200 652 283 728 οἷον
299 651 511 746 α’λλοιωτὸν,
528 653 592 726 καὶ
610 650 837 738 ἀλλοιώσεως
853 653 1034 754 ὸγιαντὸν
1046 655 1070 750 ἢ
1084 661 1254 753 θερμαν-

198 779 266 854 τὸν
283 783 408 877 ἕτερον
426 780 445 849 i.
466 803 495 852 e.
515 793 549 850 et
562 777 626 850 hoc
641 781 773 876 quidem
790 781 831 852 id
843 796 896 863 est,
914 782 1075 878 quodpar
1087 809 1125 853 ae
1137 780 1253 855 mobile

198 905 348 975 dicamus
363 945 414 956 -
439 903 482 974 de
500 915 595 975 motu
613 906 731 999 igitur,
755 931 823 976 non
849 905 892 977 de
917 909 1102 978 mutatione
1125 909 1158 978 in
1177 911 1251 979 uni-

196 1054 330 1100 versum
357 1026 543 1127 loquitur*)
566 1069 617 1082 -·
639 1040 675 1100 in
699 1031 766 1101 alio
789 1059 865 1102 varo
889 1047 992 1103 mama
1011 1059 1135 1126 genere
1158 1033 1257 1106 aliud

197 1184 222 1224 e.
245 1182 280 1248 g.
304 1156 346 1226 id
365 1155 595 1250 mousson-nra
611 1171 773 1240 mutuno,-
802 1156 885 1229 dicit
910 1160 1025 1255 itaque
1043 1170 1179 1244 auctor,
1205 1158 1252 1246 id,

198 1277 292 1375 quod
310 1304 424 1376 neque
443 1305 507 1376 per
523 1279 684 1353 accidens
708 1308 823 1380 neque
845 1285 998 1380 partibus
1022 1295 1149 1356 tantum
1178 1312 1249 1358 mu-

194 1415 298 1490 tet-ur,
316 1407 349 1476 in
368 1417 462 1477 motu
479 1405 521 1478 τὸ
539 1409 628 1479 καθ’
648 1408 742 1483 αὐτὸ
759 1409 912 1504 κινητὸν
927 1409 1100 1506 appellari,
1118 1413 1147 1481 si
1165 1435 1248 1482 vero

196 1530 240 1602 de
258 1531 325 1602 alio
345 1543 455 1602 motus
473 1556 603 1627 genere
619 1547 738 1629 agatur
750 1534 928 1629 (dividitur
940 1545 1052 1604 autem
1062 1537 1250 1632 μεταβολὴ

196 1659 227 1726 in
251 1661 396 1758 γένεσιν
418 1656 482 1730 καὶ
507 1658 662 1754 φθορὰν
687 1671 721 1729 et
743 1659 906 1756 κίνησιν,
936 1659 1078 1754 κίνησις
1108 1685 1190 1731 vero
1215 1664 1248 1732 in

196 1779 372 1878 φαρὸνέῐ
390 1781 586 1858 ἀλλοίωσιν
604 1795 638 1856 et
656 1787 812 1880 αὔξησιν
828 1787 892 1862 καὶ
909 1785 1072 1884 φθίσιν),
1096 1788 1160 1857 iam
1180 1813 1247 1858 noo

196 1907 338 2002 amplius
363 1908 404 1980 τὸ
429 1911 518 1984 καθ’
538 1909 632 1984 αὐτὸ
658 1912 846 2007 κινητὸν
870 1914 1052 1996 nominari,
1076 1910 1140 1984 sed
1157 1911 1248 1982 atiud

199 2031 367 2128 quoddam
393 2077 439 2088 -
464 2036 588 2129 ἕτερον
612 2061 661 2090 -2-
690 2062 767 2132 eg.
794 2039 826 2108 in
852 2031 1039 2110 ἀλλοιώσει
1065 2040 1180 2108 vocari
1205 2037 1248 2110 τὸ

196 2161 284 2232 καθ’
304 2159 396 2234 αὐτὸ
415 2161 439 2232 oi
446 2158 632 2234 λλαιωτὸ
640 2191 671 2236 ν.
699 2159 797 2240 Quae
812 2188 915 2260 quum
929 2161 1107 2259 hueusque
1119 2164 1249 2258 optime

194 2289 442 2382 processerint,
466 2286 569 2357 verba
593 2287 656 2360 καὶ
675 2285 901 2370 ἀλλοιώσεως
919 2287 1100 2388 ὸγιαντὸν
1116 2286 1139 2382 ἢ
1157 2291 1250 2385 θερ-

191 2412 338 2508 μαντὸν
362 2413 485 2509 ἕτερον
507 2415 618 2483 omnia
650 2415 801 2498 turbant,
831 2440 975 2512 quorum
1007 2438 1128 2484 sensus
1151 2415 1206 2505 (et
1225 2441 1249 2484 α

180 2539 327 2633 formae
342 2537 577 2612 mutationem
591 2539 773 2639 ὸγιαντὸν
790 2539 873 2612 τιτὸ
885 2537 1101 2633 θερμαντὸν
1118 2537 1249 2610 diuersa

191 2638 280 2755 ruat)
295 2663 365 2735 sere
382 2664 494 2734 nuilus
513 2676 580 2750 ταῖς
599 2663 662 2735 sed
681 2663 854 2748 excidisse,
870 2675 997 2734 tantum
1017 2661 1151 2734 videtur
1168 2674 1247 2734 ante

193 2791 316 2886 ἕτερον
333 2790 496 2886 particula
514 2790 551 2884 ἢ,
571 2817 636 2888 qua
656 2797 688 2860 in
704 2817 801 2862 suum
812 2790 931 2862 ‘locum
945 2791 1099 2860 restituta
1113 2800 1148 2858 et
1161 2789 1246 2860 haec

195 2941 269 2986 eum
293 2916 576 2988 antecedentibus
601 2919 730 3013 optime
756 2942 842 2986 nexa
862 2942 954 2999 euni,
981 2940 1081 3012 quem
1109 2911 1248 2996 debent,

195 3043 408 3138 praebebunt
433 3067 586 3114 sensum:
617 3059 651 3114 et
669 3043 900 3140 adeodataque,
931 3042 1045 3137 (quod
1065 3067 1168 3137 aeque
1180 3066 1249 3137 per

194 3169 348 3238 accidens
364 3195 467 3266 aeque
478 3166 633 3267 partibus
649 3182 779 3239 martum
793 3181 942 3236 naitano
959 3167 1093 3263 ideoque
1109 3175 1146 3236 in
1161 3180 1249 3235 motu

193 3294 235 3367 τὸ
258 3295 351 3368 καθ’
377 3295 470 3368 αὐτὸ
495 3294 664 3389 κινητὸν,
689 3304 725 3364 iu
736 3295 882 3388 somnae
906 3301 1084 3362 mutatione
1105 3319 1182 3362 aero
1205 3291 1247 3364 τὸ

193 3422 286 3492 καθ’
313 3420 406 3493 αὑτὸ
432 3420 634 3494 ἀλλοιωτὸν
658 3419 864 3508 normanum)
889 3426 989 3488 eriam
1014 3426 1100 3486 irater
1109 3416 1249 3506 formae

192 3555 486 3644 mutatioaermsas
500 3541 742 3638 (ἀλλοιώσεως
757 3545 872 3638 itaque
882 3543 1054 3637 genitivus
1072 3541 1248 3637 partitivus

193 3697 294 3768 quem
317 3673 458 3760 vocant)
480 3681 580 3742 auria
603 3679 739 3740 omnino
759 3677 854 3762 gerit
871 3697 896 3737 e.
912 3695 948 3760 g.
972 3667 1015 3741 τὸ
1036 3668 1125 3740 καθ’
1153 3663 1247 3737 αὐτὸ

195 3797 375 3898 ὸγιαντὸν
390 3797 446 3866 ael
457 3797 498 3870 τὸ
517 3798 605 3870 καθ’
626 3795 719 3870 αὐτὸ
739 3793 957 3892 θερμαντὸν
973 3792 1028 3862 ael
1039 3791 1137 3862 aliud
1148 3792 1247 3886 quod-

194 3927 272 3995 dam
289 3965 339 3977 -
357 3923 379 4018 ἢ
398 3925 530 4017 ἕτερον.
566 3921 670 3992 Hunc
698 3921 880 3992 verborum
905 3944 1041 3990 sensum
1067 3919 1129 3988 iam
1155 3911 1247 3986 Sim·

194 4050 316 4144 plicius
347 4062 382 4119 et
411 4046 625 4120 Themistius
654 4046 864 4117 intellexisse
896 4043 1069 4128 videntur,
1105 4067 1248 4138 quorum

195 4177 391 4188 ———-.-.--.

242 4234 271 4302 a)
290 4233 383 4299 Cont,
402 4253 471 4305 quae
490 4237 524 4290 ad
542 4237 577 4300 11,
597 4237 625 4301 1,
644 4254 669 4307 p.
683 4235 744 4302 192,
764 4235 796 4289 13
819 4233 853 4286 de
877 4229 1034 4285 discrimine
1058 4231 1127 4284 inter
1146 4233 1249 4282 motum

196 4333 223 4379 rt
239 4327 417 4382 mutationem
436 4327 641 4400 disputavimus.
