3054 5174
707 429 756 505 47

656 537 804 546 —----

203 673 410 745 mentorum,
443 659 568 756 quibus
595 655 776 742 doceatur,
803 682 904 729 unum
934 657 1095 756 idemque
1120 669 1255 756 tempus

203 813 245 858 ex
263 785 415 858 Zenonis
438 786 607 856 sententia
632 809 695 854 suo
722 785 829 880 ipsius
854 781 995 855 dimidio
1017 808 1080 880 par
1098 810 1175 856 esse
1194 783 1255 856 dc-

203 915 302 998 bem,
331 935 445 1009 neque
476 907 727 991 animadvertit,
757 911 1084 1004 argumentationem
1112 913 1146 981 in
1172 909 1256 984 duas

204 1012 350 1133 disiungi
368 1048 498 1134 partes,
516 1035 669 1119 alteram,
694 1059 760 1131 qua
778 1045 1000 1121 monstretur,
1023 1047 1159 1133 tempus
1177 1060 1256 1108 esse

204 1163 378 1235 dimidium
397 1165 527 1260 (usquc
551 1159 595 1232 ad
611 1159 717 1232 verba
735 1158 816 1256 ἅμα
834 1158 874 1235 δὲ
893 1162 1147 1259 συμβέβηκε),
1171 1162 1257 1234 altc-

199 1317 288 1376 ram,
313 1314 378 1387 qua
404 1297 625 1371 monstretur,
658 1297 792 1382 tempus
817 1313 885 1357 non
912 1285 1087 1359 dimidium
1109 1285 1173 1362 sed
1196 1311 1258 1385 par

203 1442 280 1487 esse
298 1419 424 1512 (usque
441 1411 485 1484 ad
502 1412 605 1484 verba
624 1410 644 1484 ὁ
661 1409 732 1507 μίν
750 1408 820 1487 οὖν
837 1410 967 1513 λόγος).
993 1411 1122 1510 Neque
1141 1413 1256 1484 axilla

203 1542 483 1638 transpositione,
502 1563 601 1636 quam
619 1534 817 1610 Alexander
834 1537 924 1635 apud
944 1534 1158 1634 Simplicium
1178 1565 1257 1636 pro-

203 1669 317 1765 ponit,
335 1663 462 1763 aliquid
480 1663 689 1761 proficimus:
708 1660 868 1738 δύναται
885 1663 929 1737 ds‘
938 1688 1053 1762 φησιν
1064 1665 1083 1738 ὁ
1094 1666 1258 1750 Ἀλέξαν-

204 1793 292 1890 ὃοος
308 1799 361 1887 τῷ
379 1790 620 1886 »συμβέβηκε
638 1787 678 1863 δὲ
696 1789 738 1862 τὸ
766 1818 792 1891 y
815 1789 916 1888 παρὰ
935 1787 1058 1866 πάντα
1075 1789 1122 1863 τὰ
1141 1819 1164 1864 α
1183 1789 1258 1864 deo-

204 1914 430 2014 ληλυθίναι“
449 1917 528 2010 ἑξῆς
546 1913 638 1989 εἶναι
657 1915 700 1990 τὸ
719 1921 828 2009 ,,ἰ’σον
840 1911 983 2013 χρόνον
999 1917 1085 2012 παρ’
1103 1917 1258 1991 ἕκαστον

205 2043 401 2147 γινόμενον
423 2051 500 2118 τῶν
521 2043 551 2137 β
569 2040 659 2116 ὅσον
675 2071 742 2138 περ
760 2050 838 2117 τῶν
861 2040 911 2114 α“
936 2041 1013 2114 εἶτα
1038 2045 1165 2139 ἑφεξῆς
1189 2040 1257 2136 „ad

206 2169 244 2245 dd
261 2173 290 2267 β
299 2167 414 2265 ’παρὰ
439 2167 485 2241 rol
509 2165 649 2263 ἡμίσηκ
674 2168 741 2250 ἕως
768 2175 834 2241 τοῦ
860 2166 967 2264 „tipo
989 2167 1063 2268 γὰρ
1089 2170 1189 2240 ἔσται
1214 2167 1257 2242 τὸ

205 2305 353 2394 πρῶτον
374 2324 400 2395 y
422 2293 487 2367 ναὶ
503 2292 546 2366 τὸ
564 2300 713 2390 πρῶτον
729 2293 758 2389 β
784 2293 841 2366 ἐπὶ
858 2301 935 2377 τοῖς
952 2293 1133 2378 ἐναντίοις
1150 2291 1259 2389 ἑσχοί-

203 2422 305 2506 τοις“
324 2425 450 2520 ἐφεξῆς
468 2417 508 2494 δὲ
527 2415 671 2502 τούτοις
687 2418 730 2492 τὸ
750 2417 818 2512 „nd
834 2417 897 2492 dot
912 2419 954 2493 τὸ
967 2418 1162 2518 ἀμφότερα
1176 2424 1259 2496 ἰ’σον

200 2545 341 2646 χρόνον
358 2550 457 2620 ἔσται
475 2543 570 2618 κατὰ
588 2543 630 2617 τὸ
649 2572 673 2617 α
689 2542 926 2644 γίγνεσθαι.“
947 2585 998 2600 —

232 2709 235 2716 ⁴
273 2670 387 2751 Quum
411 2673 525 2768 itaque
548 2681 677 2740 tantum
700 2670 804 2756 absit,
828 2682 867 2741 ut
886 2666 1085 2767 Simplicius
1106 2670 1258 2744 dilucide

204 2823 275 2870 rem
290 2797 488 2894 exposuerit
495 2795 538 2887 ⁴),
556 2808 593 2866 ut
609 2794 872 2892 explicationem
888 2821 1029 2892 prorsus
1044 2795 1159 2868 salsam
1178 2823 1258 2894 pro-

204 2926 335 3010 tulerit,
354 2949 396 2996 ex
414 2923 499 3019 ipsis
516 2924 581 2993 iam
599 2917 798 2994 Aristotelis
812 2921 927 2993 verbis
940 2947 1077 2994 sensum
1092 2925 1259 2996 extricare

205 3049 389 3133 debemus3
413 3073 479 3145 qua
502 3049 536 3118 in
560 3048 679 3131 reiis,
705 3071 848 3144 quorum
872 3045 976 3118 lectio
1001 3051 1132 3144 integra
1156 3062 1259 3147 utque

207 3187 299 3247 certa
317 3185 388 3259 est,
407 3186 565 3272 tanquam
584 3173 729 3246 ducibus
746 3171 911 3244 utendum
931 3176 1003 3250 erit
1036 3171 1138 3246 Dicit
1153 3175 1259 3248 Arist.

205 3303 376 3398 τέταρτος
392 3299 434 3374 d'
454 3297 474 3372 ὁ
492 3298 574 3397 περὶ
591 3307 669 3374 τῶν
686 3303 726 3374 ὲν
743 3308 795 3395 τῷ
814 3299 955 3396 σταδίῳ
972 3303 1205 3398 κινουμένων
1222 3306 1260 3386 ἐξ

206 3425 376 3509 ἐναντίας
392 3430 485 3500 ἴσων
503 3426 628 3525 ὄγκων
644 3426 730 3522 παρ’
749 3429 862 3518 ἴσους,
881 3433 959 3500 τῶν
968 3425 1039 3522 μίν
1050 3427 1124 3502 ἀπὸ
1136 3429 1260 3512 τέλους

205 3560 274 3626 τοῦ
293 3549 448 3625 σταδίου
466 3559 543 3626 τῶν
560 3551 595 3625 d'
614 3551 688 3624 dud
705 3552 822 3646 μέσου
838 3555 908 3648 ἴσῳ
925 3549 1039 3646 τοίχιι,
1058 3557 1099 3626 ἐν
1116 3546 1147 3650 ᾦ
1165 3577 1260 3649 συμ-

204 3677 353 3776 βαίνειν
376 3681 488 3750 οἴιται
512 3681 596 3752 ἴσον
621 3677 715 3752 εἶναι
738 3675 881 3775 χρόνον
903 3685 958 3774 τῷ
984 3676 1166 3776 διπλασίῳ
1191 3677 1259 3753 τὸν

205 3805 356 3902 ἥμισυν,
381 3805 455 3877 ἔστι
480 3802 514 3877 d'
541 3803 560 3876 ὃ
582 3803 860 3905 παραλογισμος
884 3807 925 3878 ὲν
942 3812 995 3902 τῷ
1011 3803 1053 3877 τὸ
1070 3801 1141 3900 μίν
1158 3805 1258 3900 παρὰ

275 4059 304 4128 ὓ)
329 4058 360 4112 C.
379 4059 411 4112 H.
425 4058 534 4112 Weisse
556 4058 689 4129 paulilli:
713 4058 757 4114 dte
780 4056 1032 4128 Schwerffillrglcet't
1054 4055 1115 4115 aad
1134 4056 1260 4112 Litclren-

209 4149 362 4221 tuju'gkcit
383 4150 473 4206 dieser
489 4149 813 4222 Aureinundersetxung‚
837 4151 935 4206 welche
951 4167 981 4204 so
999 4167 1055 4222 arg
1072 4155 1122 4216 ist,
1147 4149 1212 4204 dosa
1229 4167 1258 4203 ιι

210 4241 278 4295 olma
296 4241 339 4296 die
361 4245 541 4298 lc‘chtvolle
558 4245 806 4315 Erlduterung
828 4245 875 4301 des
891 4247 1046 4317 Simplicius
1056 4243 1125 4314 sort
1141 4247 1258 4314 uumdg-

210 4335 264 4390 ΙιίΙι
282 4335 376 4392 holten
393 4335 500 4404 wiirdo,
517 4342 557 4393 sie
572 4353 608 4392 stt
624 4337 769 4394 vorsteden
786 4347 837 4392 etc.
