3054 5174
714 419 762 495 63
793 525 809 529 ..

216 656 235 728 ὁ
250 651 396 751 χρόνος,
418 651 436 723 ὁ
455 649 492 724 d'
513 649 590 744 ἅμα
609 656 680 730 πᾶς
693 645 829 744 χρόνος
841 647 866 720 ‘d
887 644 998 731 αὐτός
1010 649 1156 742 (minore
1175 649 1265 720 eninr

214 779 489 876 interpunctione
502 787 579 880 ante
593 772 665 848 tot
679 772 956 868 distinguendum
977 778 1045 864 est)
1062 777 1082 844 i.
1096 799 1124 844 e.
1142 785 1171 845 ri
1187 791 1266 844 tern-

208 925 281 1004 pus,
299 907 388 1003 quod
395 915 602 984 'numerumn
617 923 774 970 'numerus
788 915 893 970 motus
903 916 963 983 est
980 901 1082 971 simul
1095 916 1268 974 commotu

214 1059 340 1130 semper
355 1031 456 1102 'aliud
469 1044 501 1098 et
516 1027 615 1098 aliud
628 1041 681 1111 ott,
691 1037 885 1098 ‘uniuersum
901 1053 977 1096 raro
989 1041 1118 1125 'tompus
1134 1037 1164 1098 ri
1181 1053 1267 1097 com-

206 1159 404 1256 plectamur,
421 1178 522 1225 anam
540 1169 603 1237 ern·
632 1155 696 1223 iarn
711 1177 796 1223 xvero
816 1153 955 1224 alterum
973 1164 1053 1250 post
1071 1152 1268 1248 baeoglos-

217 1309 309 1354 serua
322 1284 473 1378 irrepsit:
485 1281 527 1354 nd
538 1279 611 1380 γὰρ
624 1287 697 1354 νῦν
708 1279 750 1352 τὸ
764 1279 856 1352 αὐτὸ
870 1278 980 1352 ὅποτ’
994 1275 1051 1374 ἦν,
1064 1277 1106 1353 τὸ
1122 1278 1159 1353 rl'
1174 1279 1267 1353 εἶναι

216 1411 320 1505 αὐτῷ
345 1410 470 1504 ἕτερον
495 1403 716 1500 (Aristoteles
736 1403 818 1475 dicit
838 1405 857 1479 ὃ
875 1407 953 1479 non'
973 1407 1028 1499 ὄν,
1055 1431 1123 1475 non
1151 1405 1267 1480 ὅποτ’

215 1531 290 1628 ἦν),
324 1558 411 1630 quae
436 1533 540 1603 verba
566 1532 858 1629 exsequentibus
885 1534 930 1622 (v.
952 1528 997 1605 12
1015 1532 1097 1628 sq),
1123 1531 1182 1602 ubi
1205 1555 1269 1602 suo

217 1660 295 1729 loco
309 1661 419 1756 posita
433 1671 519 1742 sunt,
532 1657 599 1728 huo
613 1656 796 1742 devenere,
810 1657 989 1728 bisantem
1004 1657 1071 1728 diei
1084 1667 1269 1754 nequeunt.

217 1783 282 1856 His
314 1786 448 1854 omissis
477 1785 584 1853 oratio
609 1786 737 1879 optime
766 1781 927 1879 procedit
948 1807 1058 1880 usque
1091 1781 1135 1854 ad
1165 1783 1270 1854 verba

216 1917 261 2005 (v.
282 1909 344 1997 ll)
369 1917 479 1984 τοῦτο
505 1908 544 1982 d'
570 1904 618 2002 ἦν
644 1909 747 2004 αὐτῷ
773 1907 816 1981 τὸ
840 1917 928 2003 νῦν,
955 1933 1058 2007 quae,
1082 1911 1147 1980 nisi
1164 1907 1271 1980 addas

217 2038 309 2112 εἶναι
329 2035 439 2133 (quod
462 2061 541 2105 nurn
559 2032 775 2130 Philoponus
797 2059 835 2104 re
860 2060 939 2106 vera
966 2035 1105 2131 legerit,
1130 2034 1269 2107 dubiurn

219 2174 287 2247 est,
312 2187 414 2258 quum
435 2159 540 2231 dieat:
566 2167 675 2233 andro
700 2159 738 2233 δ’
764 2156 812 2253 ἦν
830 2161 933 2258 αὐτῷ
951 2186 1041 2259 φησι
1057 2159 1121 2236 καὶ
1138 2160 1181 2236 τὸ
1198 2169 1271 2236 νῦν

216 2288 337 2382 εἶναι),
351 2313 419 2357 non
433 2285 622 2386 significare
636 2296 797 2381 possunt,
816 2285 909 2383 quod
922 2289 1125 2390 ipterpretes
1137 2287 1270 2358 volunt:

213 2429 272 2496 „et
286 2413 349 2482 loc
365 2412 414 2482 illi
430 2439 473 2482 ro.
496 2420 548 2508 τῷ
566 2419 638 2486 νῦν
661 2437 755 2482 naam
778 2411 872 2486 εἶναι
890 2420 1004 2495 eram
1017 2453 1067 2466 -
1084 2411 1148 2484 sed
1165 2413 1271 2484 mani-

221 2538 343 2609 lesturn
368 2549 435 2623 est,
459 2563 476 2607 a
500 2537 690 2632 glossatore
710 2561 748 2608 ea
772 2536 888 2608 addita
913 2563 1008 2609 esse:
1032 2547 1142 2614 τοῦτο
1161 2539 1199 2614 d'
1223 2535 1272 2634 ἦν
1300 2531 1303 2536 ’

110 2769 114 2776 ,
220 2665 323 2760 αὐτῷ
334 2689 379 2734 se.
387 2671 440 2760 τῷ
448 2663 681 2759 Ἀριστοτέλει
693 2663 735 2736 nd
748 2671 820 2739 νῦν
828 2688 979 2734 memore
993 2662 1272 2762 c.10‚p.218,11;

219 2791 271 2861 bis
292 2791 380 2860 enirn
398 2790 512 2860 verbis
530 2790 645 2883 graeci
672 2789 877 2885 interpretes
895 2789 1060 2861 lectorem
1077 2788 1122 2898 ad
1139 2793 1273 2888 priores

219 2915 434 2986 definitiones
452 2914 613 3009 ablegare
631 2913 754 2985 solent.
789 2911 874 3014 Item
892 2916 1006 3012 paullo
1033 2914 1117 2986 infra
1141 2918 1187 3011 (v.
1206 2911 1272 3006 28)

218 3043 321 3113 verba
341 3035 362 3137 ᾗ
382 3040 597 3137 ἀριθμητὸν
612 3039 687 3141 γὰρ
705 3039 748 3112 τὸ
765 3037 946 3139 πρότερον
962 3041 1025 3116 καὶ
1042 3041 1211 3138 ὕστερον,
1230 3040 1273 3114 τὸ
1305 3067 1309 3076 ’

218 3176 291 3243 νῦν
313 3169 388 3240 ἔστι
414 3168 547 3236 inanem
571 3167 811 3262 repetitionem
839 3168 1021 3239 verborum
1042 3193 1071 3238 v.
1090 3164 1139 3241 25
1163 3168 1273 3238 conti-

219 3305 301 3366 nent
320 3316 512 3389 nexumque
531 3289 757 3376 intercidunt3
779 3303 813 3362 et
831 3293 916 3364 baec
934 3295 1049 3391 itaque
1069 3291 1245 3364 eiicienda.

293 3415 432 3504 Liuv,
456 3443 483 3489 e.
503 3415 536 3502 6,
562 3443 638 3513 pag.
656 3415 740 3512 231,
767 3417 911 3493 5-17.
948 3417 1039 3490 Tota
1063 3443 1103 3490 ea
1121 3417 1271 3517 ἀπορία,
1352 3485 1355 3492 ,

220 3567 306 3640 quae
324 3555 404 3639 post
423 3542 603 3613 clausulam
623 3541 699 3613 libri
719 3545 828 3640 quinti
847 3541 948 3638 (231,
970 3542 995 3618 2
1019 3545 1082 3618 καὶ
1105 3544 1188 3643 περὶ
1204 3544 1275 3641 μὲν

219 3667 394 3763 κινήσεως
411 3667 474 3741 καὶ
491 3666 644 3764 ἠρεμίας
660 3669 724 3742 καὶ
742 3678 819 3752 πῶς
838 3669 1086 3768 ἑκατέραμία,
1105 3670 1169 3744 καὶ
1179 3669 1275 3754 τίνες

219 3793 384 3870 ἐναντίαι
402 3793 511 3887 τίσιν,
531 3790 687 3890 εἴρηται)
705 3793 817 3866 addita
838 3810 910 3882 est,
929 3797 972 3868 ab
991 3794 1181 3868 Aristotele
1200 3797 1275 3896 qui·
1333 3851 1340 3862 .

220 3921 298 3992 dem
316 3923 392 4017 ipso
412 3922 537 4016 scripta
557 3943 634 3990 esse
652 3917 803 4006 videtur,
831 3921 897 3992 alio
921 3947 1002 3993 vero
1023 3920 1143 3994 ordine
1162 3924 1275 3993 omnia

225 4070 281 4130 ea,
300 4071 387 4143 quae
406 4073 423 4116 a
442 4072 474 4142 p.
493 4042 586 4132 230,
602 4045 643 4128 b,
660 4041 706 4117 21
727 4045 808 4118 inde
825 4073 935 4146 usque
954 4047 1114 4119 adfinem
1132 4049 1209 4120 libri
1227 4048 1277 4119 le-

221 4182 362 4262 guntur,
389 4183 482 4243 certe
502 4170 667 4268 disposita
686 4184 795 4257 erant,
819 4187 921 4272 atque
947 4199 987 4245 ex
1006 4185 1098 4260 tanta
1116 4174 1275 4246 lectionis

221 4296 399 4380 varietate,
430 4323 532 4394 quurn
560 4297 679 4393 optimi
710 4296 778 4368 duo
802 4299 943 4373 codices
968 4299 1000 4372 Ε
1026 4314 1061 4372 et
1083 4297 1119 4372 H
1144 4302 1277 4395 integra
