3054 5174
785 437 834 512 60

283 664 350 749 bet,
370 689 457 760 quae
474 664 678 757 glossemata
698 687 776 734 esse
794 675 958 759 apparent
976 661 1338 759 (p.2oo,s,13;201‚

283 789 316 874 b,
329 785 369 873 5;
388 785 471 874 202,
490 785 539 879 3),
557 801 628 860 tum
646 789 742 886 plura
762 791 896 873 omittit,
916 814 1002 886 quae
1022 789 1145 860 deesse
1164 803 1340 887 nequeunt

282 915 330 1011 (p.
348 911 439 999 200,
459 915 496 1000 b,
521 911 568 987 13
588 926 622 985 et
640 912 704 1000 35;
722 912 805 1000 201,
827 913 907 1004 18),
927 927 961 1016 et
980 915 1023 986 ad
1041 941 1073 1012 p.
1091 913 1181 1001 202,
1205 914 1228 988 tl
1248 913 1340 986 Sim-

280 1040 404 1137 plicius
423 1043 544 1112 variam
566 1041 749 1112 lectionem
773 1066 816 1111 ex
833 1039 981 1137 Aspasio
1014 1053 1049 1112 et
1066 1039 1263 1114 Alexandro
1293 1041 1341 1112 al-

281 1165 356 1252 lert‚
375 1178 412 1238 ut
429 1179 549 1262 putare
568 1165 764 1251 debeamus,
782 1166 873 1237 hunc
893 1167 1005 1237 lucum
1020 1169 1085 1238 iam
1098 1167 1189 1264 apud
1204 1179 1340 1239 veteres

280 1295 382 1364 variis
403 1292 770 1364 lectionibusmultum
790 1291 1143 1389 depravatumluisse.
1171 1291 1233 1366 Sic
1246 1307 1343 1392 post-

281 1444 381 1517 quam
407 1416 613 1490 Aristoteles
638 1419 831 1490 dilemmate
858 1420 1034 1515 probavit,
1062 1445 1154 1490 suam
1182 1419 1224 1491 de
1248 1434 1343 1492 motu

283 1543 473 1615 doctrinam
492 1547 594 1615 unice
614 1570 724 1616 veram
745 1571 836 1636 esse,
854 1547 887 1615 in
909 1544 1131 1615 conclusione
1150 1548 1270 1617 iterum
1291 1547 1343 1618 di-

282 1672 339 1755 cit,
357 1669 392 1741 id
412 1669 507 1767 quod
526 1683 671 1756 moveat,
691 1683 725 1742 et
744 1674 853 1778 ipsum
874 1673 1000 1741 moveri
1022 1682 1138 1742 mutuo
1158 1685 1251 1744 tactu
1264 1672 1344 1765 (nd

281 1805 391 1871 τοῦτο
415 1795 455 1871 dl
479 1805 576 1870 ποιεῖ
594 1796 708 1889 trigae,
736 1797 830 1870 ὥστε
855 1797 933 1892 dina
960 1798 1023 1870 καὶ
1053 1795 1202 1893 ιτοίσχεν
1236 1799 1296 1873 dni
1321 1799 1343 1892 ἡ

281 1922 420 2017 κίνησις
432 1923 629 2016 ἐντελέχεια
643 1930 710 1995 τοῦ
723 1933 875 2017 κινητοῦ
886 1917 907 2019 ᾖ
919 1920 1215 2018 κινητόν),’-ὶιιιιι
1228 1922 1342 1994 denuo
1392 2001 1408 2010 „

282 2075 365 2120 vero
383 2049 470 2120 haee
489 2048 592 2119 verba
611 2061 817 2146 sequuntur:
843 2050 1040 2146 συμβαίνει
1061 2049 1101 2123 dl
1119 2059 1229 2123 τοῦτο
1250 2049 1343 2134 θίξει

283 2184 350 2249 τοῦ
368 2183 571 2270 κινητικοῦ,
599 2174 693 2248 (ὅσθ’
714 2175 794 2271 ἅμα
813 2175 876 2249 καὶ
894 2174 1035 2270 πάσχει.
1071 2173 1221 2246 Veteres
1240 2178 1344 2246 inter-

282 2311 399 2397 pretes
425 2303 539 2396 priora
567 2299 704 2396 quidem
732 2301 935 2397 explicando
955 2313 1147 2395 agnoscunt
1165 2303 1254 2372 sicut
1272 2301 1342 2371 illa:

283 2424 342 2499 <bd
364 2425 383 2519 ἡ
408 2424 550 2519 κίνησις
575 2426 773 2520 ἐντελέχεια
798 2435 865 2500 τοῦ
888 2435 1039 2520 κινητοῦ
1067 2419 1087 2521 ᾗ
1113 2425 1275 2521 κινητόν,
1297 2469 1343 2480 -

281 2551 369 2622 haec
394 2575 475 2622 vero
507 2562 680 2647 postrema
714 2577 828 2650 neque
861 2553 1033 2649 explicant
1066 2577 1179 2649 neque
1211 2577 1345 2624 causam

283 2676 429 2762 addunt,
455 2702 516 2748 cur
541 2674 747 2748 Aristoteles
774 2681 826 2749 bis
850 2682 1020 2776 posuerit,
1054 2677 1148 2775 quod
1173 2705 1275 2773 quum
1302 2704 1345 2749 ex

286 2801 536 2874 consuetudine
563 2815 657 2874 certe
681 2803 860 2890 fecissent,
884 2808 912 2875 si
930 2803 1068 2902 quidem
1096 2829 1134 2875 ea
1160 2806 1344 2888 novissent,

284 2955 302 2999 a
319 2929 495 3002 veteribus
515 2931 766 3026 exemplaribus
784 2931 870 3002 haec
888 2930 1040 3004 abluisse
1059 2929 1226 3016 videntur,
1244 2933 1345 3000 itera-

284 3056 333 3125 tio
352 3079 434 3124 vero
455 3067 528 3126 orta
548 3081 591 3127 ex
608 3059 697 3126 varia
717 3057 865 3127 lectione
885 3056 1084 3154 συμβαίνει
1104 3056 1143 3130 dd
1155 3083 1218 3153 pro
1235 3064 1346 3129 τοῦτο

286 3179 572 3271 Mmmwffl

361 3303 439 3377 Lib.
457 3303 517 3392 lV,
538 3333 565 3378 c.
583 3306 618 3393 8,
636 3335 712 3404 pag.
731 3305 815 3392 210,
835 3310 868 3395 b,
889 3308 944 3382 17.
972 3309 1203 3404 Argumentis,
1223 3307 1347 3403 quibus

286 3431 494 3503 Aristoteles
515 3431 930 3516 demonst1·avit,vacuum
950 3461 1018 3504 non
1039 3460 1127 3520 esse,
1145 3434 1231 3503 haec
1244 3432 1347 3502 verba

285 3557 400 3629 addita
419 3559 581 3654 legimus:
601 3563 651 3666 Ιἔτι
672 3559 730 3634 dei
747 3560 861 3654 δῆλον
879 3562 971 3635 εἶναι
992 3559 1071 3635 οἷον
1089 3561 1199 3636 κενὸν
1217 3564 1256 3634 ἐν
1272 3566 1348 3640 τοῖς

285 3685 532 3781 κινουμένοις·
559 3695 631 3760 νῦν
653 3686 690 3759 d'
718 3687 890 3782 οῦῦιηιοῦ
915 3687 1017 3769 ἐντὸς
1041 3695 1108 3759 τοῦ
1132 3683 1294 3781 κόσμου·
1327 3683 1345 3754 d

283 3810 356 3910 γὰρ
383 3809 455 3908 ἀὴρ
483 3814 553 3884 ἔστι
574 3843 626 3904 τι,
654 3815 698 3884 οὐ
724 3813 828 3885 domi
844 3811 887 3884 δέ
901 3832 961 3912 γε·
995 3811 1081 3884 odda*
1105 3814 1142 3885 rd
1160 3811 1284 3909 ὕδωρ,
1313 3813 1344 3880 εἰ

283 3933 381 4031 ἦσαν
406 3939 441 4010 οἱ
466 3933 596 4031 ἰχθύες
623 3938 787 4034 σιδηροῖ·
823 3946 867 4033 τῇ
894 3939 973 4036 ἁφῇ
996 3938 1069 4039 γὰρ
1093 3939 1114 4032 ἡ
1140 3938 1257 4036 κρίσις
1281 3943 1346 4009 τοῦ

190 4123 193 4130 .
284 4063 426 4156 cinnor),
455 4075 490 4133 et
517 4064 695 4134 conclusio
721 4063 847 4135 deinde
874 4077 1147 4159 argumentorum
1179 4065 1347 4160 sequitur:

286 4189 341 4264 ὅτι
359 4188 429 4288 μὲν
448 4188 575 4263 τοίνυν
594 4192 663 4263 οὐκ
681 4192 753 4262 ἔστι
774 4193 1046 4288 κεχωηιομείιον
1062 4189 1183 4282 κενὸν,
1204 4193 1243 4262 ἐκ
1262 4187 1346 4261 τού-

286 4345 362 4390 των
383 4315 457 4388 ἐστὶ
476 4315 598 4409 δῆλον.
625 4311 683 4386 llla
703 4329 814 4387 autem
833 4317 936 4389 verba
955 4341 1067 4412 neque
1087 4317 1128 4387 ab
1149 4315 1345 4388 Alexandro
