3054 5174
675 409 741 484 ·15
807 348 808 352 δ

641 513 789 522 -ι--ι-ι

189 641 243 711 sol
255 666 389 737 quoque,
407 647 435 706 α’
453 664 493 707 eu
511 652 604 708 certa
606 637 735 730 formu
751 634 806 704 uel
819 635 1018 730 defiuitione,
1037 662 1136 732 quum
1151 661 1240 708 nuuc

189 762 304 848 leubet,
323 771 483 844 caruerit,
500 771 569 831 tum
586 787 650 830 uou
668 759 809 858 amplius
827 758 957 830 eru'sol
969 763 988 830 i.
1008 785 1036 830 e.
1055 771 1176 832 etium
1198 772 1239 832 tu

189 889 438 984 solesormu
459 895 651 957 materiei
673 885 878 968 inhaeret,
909 895 1074 956 etiamst
1102 887 1240 982 logice

188 1023 393 1112 separare·
408 1011 597 1110 irasmi)⁸
623 1007 725 1082 Certa
744 1035 824 1082 saue
843 1011 965 1081 talibus
985 1011 1069 1084 locis
1087 1015 1143 1082 vix
1159 1038 1239 1109 pro-

189 1139 270 1210 seiri
296 1150 440 1235 possunt
466 1149 501 1208 et
518 1139 553 1208 in
572 1161 613 1207 eo
634 1135 706 1208 iere
726 1134 1014 1233 acquiescendum
1033 1138 1112 1222 erit,
1134 1147 1172 1207 ut
1197 1163 1239 1208 eu

190 1265 305 1336 verbis
337 1262 622 1335 antecedentibus
654 1275 689 1333 et
726 1241 950 1360 sequentibus
982 1287 1122 1348 eorum,
1152 1287 1239 1360 quae

193 1388 444 1474 desiderantur,
462 1411 599 1459 sensum
617 1387 850 1460 tantummodo
871 1414 1034 1460 eruamus.

422 1583 492 1668 ιιι.
509 1583 551 1684 ιι,
575 1607 603 1666 ι.
622 1587 662 1685 ι,
685 1605 763 1692 pag.
781 1587 859 1686 uu,
883 1586 921 1686 ι,
946 1587 1003 1667 23.

265 1767 462 1840 Discrimen
480 1767 548 1838 hoc
567 1769 678 1864 capite
691 1767 897 1840 Aristoteles
911 1767 1129 1854 demonstrat,
1147 1769 1241 1866 quod

190 1893 381 1968 intercedat
398 1895 486 1964 inter
502 1891 544 1966 τὸ
565 1893 637 1966 άπὸ
655 1891 767 1990 τύχης
790 1907 825 1966 et
842 1893 884 1967 τὸ
903 1891 1118 1991 αὐτόματον
1136 1905 1170 1965 et
1188 1921 1239 1965 ar-

78 2033 86 2044 ’
189 2031 389 2118 gumentum
402 2042 540 2115 quoque
554 2017 649 2089 affert
667 2045 709 2090 ex
727 2019 984 2114 significatione,
1003 2045 1102 2118 quum
1116 2019 1252 2092 habeut.

189 2148 234 2222 τὸ
251 2142 385 2244 μάτην,
403 2142 457 2214 his
474 2135 603 2216 uerbis:
630 2151 781 2240 σημεῖον
799 2144 838 2218 δὲ
857 2145 899 2219 τὸ
916 2143 1051 2241 μάτην,
1069 2145 1125 2220 ὅτι
1143 2146 1240 2246 λέγε-

189 2304 251 2348 ται
270 2272 361 2346 ὅταν
383 2268 435 2365 μὴ
452 2269 600 2368 γένηται
623 2269 665 2344 τὸ
691 2271 796 2344 ἕνεκα
821 2273 932 2345 ἄλλου
955 2270 1096 2348 ἐκείνου
1119 2274 1239 2366 ἕνεκα,

191 2399 280 2496 quae
297 2422 400 2469 sensu
419 2409 551 2480 carent3
570 2394 653 2492 quid
672 2397 760 2466 enim
780 2407 847 2467 est:
863 2399 990 2494 siquid,
1007 2399 1241 2496 quodpreqrter

191 2525 289 2596 uliud
301 2523 473 2620 quoddam·
483 2535 535 2603 ert,
552 2547 617 2592 ueu
625 2535 766 2620 propter
777 2523 897 2593 idest?
909 2563 954 2574 -
974 2521 1037 2594 sed
1055 2533 1159 2620 patet,
1176 2549 1239 2620 pro
1263 2509 1267 2518 ⁴

191 2649 331 2726 ἐκείνου
360 2645 542 2741 legendum
575 2671 651 2717 esse
678 2651 793 2722 ἐκεῖνο
822 2641 881 2720 οἷα
912 2649 1035 2720 dieitur
1061 2657 1172 2747 itaque
1195 2648 1239 2723 τὸ

190 2771 331 2870 μάτην,
349 2783 378 2844 α’
394 2774 444 2878 ιμ’,
462 2774 697 2871 quodpropter
714 2772 813 2844 uliud
824 2773 989 2869 quoddam
992 2775 1057 2872 fit,
1073 2776 1115 2846 ια’
1125 2784 1239 2873 iutuitu,

182 2913 322 2996 prquter
339 2899 428 2995 qued
437 2908 577 2992 geritur,
594 2899 719 2995 ueufit
741 2939 771 2948 ··-
800 2909 902 2995 atque
921 2901 971 2970 sic
987 2898 1122 2970 demum
1141 2901 1240 2970 resti-

191 3026 273 3096 tutis
291 3025 404 3095 verbis
422 3024 613 3120 exemplum
633 3025 791 3119 congruit
809 3023 889 3098 otuu
900 3023 942 3097 τὸ
954 3023 1111 3120 βαδίσαι
1123 3022 1242 3100 taut-

191 3153 278 3234 ’ξεαις
295 3147 399 3224 ἕνεκά
417 3153 532 3224 ἐστιν·
551 3154 582 3222 εἰ
600 3149 640 3223 δὲ
657 3149 709 3244 μὴ
727 3151 867 3249 ἐγένετο
884 3148 1099 3244 βαδίσαντι,
1117 3147 1241 3246 μάτην

192 3274 317 3372 φαμὲν
332 3273 489 3372 βαδίσαι
507 3274 570 3348 καὶ
586 3274 608 3369 ἡ
626 3271 776 3372 βάδισις
802 3273 965 3370 ματαία,
990 3275 1041 3360 ὡς
1064 3286 1174 3352 τοῦτο
1195 3277 1240 3353 ὂν

191 3401 233 3473 τὸ
251 3397 373 3495 μάτην
390 3401 432 3474 τδ
451 3400 615 3498 πεφυκὸς
633 3402 745 3474 ἄλλον
764 3401 885 3493 ἕνεκα,
906 3399 999 3476 ὅταν
1014 3403 1066 3498 μὴ
1084 3403 1239 3501 uertatur]

191 3530 318 3618 ἐκεῖνο,
338 3519 382 3598 οὗ
400 3527 505 3601 ἕνεκα
524 3521 703 3622 ἐπεφύκει.
730 3522 800 3595 Iam
819 3521 1016 3622 Simplicius
1035 3527 1108 3623 (sol.
1122 3525 1187 3622 79)
1205 3541 1240 3600 et

190 3645 405 3746 Philoponus
423 3651 478 3722 itta
496 3652 599 3722 verba
616 3662 712 3722 recte
736 3651 962 3746 explicarunt,
987 3653 1060 3724 itte:
1088 3653 1180 3730 ὅταν
1196 3655 1240 3730 τὸ

190 3778 294 3852 ἕνεκα
313 3778 423 3852 ἄλλον
439 3773 639 3878 γινόμενον
654 3776 706 3872 μὴ
724 3780 840 3851 ἐκεῖνο
858 3779 921 3874 ἔχῃ
938 3780 1048 3872 τέλος,
1071 3772 1116 3853 οὗ
1134 3781 1240 3856 ἕνεκα

238 4031 266 4101 δ)
284 4031 417 4086 Similiter
438 4031 465 4085 iu
483 4031 563 4085 libris
581 4033 608 4085 d.
628 4037 698 4103 pert.
717 4033 797 4088 anim.
821 4040 850 4088 et
866 4036 890 4088 d.
909 4049 998 4104 gener.
1023 4033 1105 4088 anim.
1128 4034 1239 4104 saepius
1309 4071 1313 4077 -

191 4121 351 4178 Aristoteles
369 4124 449 4190 dicit,
472 4123 560 4177 solam
578 4124 719 4178 materiem
738 4126 828 4180 carnis
845 4126 889 4179 vel
908 4125 1045 4196 sanguinis
1067 4125 1111 4179 vel
1134 4125 1238 4179 ossium

189 4217 305 4269 nondum
329 4233 438 4270 carnem
463 4215 506 4270 vel
524 4218 680 4286 sanguinem
699 4219 743 4272 vel
767 4234 833 4273 ossa
850 4219 971 4284 efficere,
993 4220 1047 4274 nisi
1070 4219 1159 4273 torma
1181 4218 1238 4272 ani-

189 4313 261 4362 mata
277 4338 311 4350 ·-
331 4309 405 4380 ψυχὴ
425 4341 456 4350 -
475 4310 597 4364 accedet.
