3054 5174
738 437 885 552 *ῳ*

287 667 466 742 dillioultas
483 668 596 764 posita
615 665 691 750 l'uit;
715 665 924 762 simpliciore
950 669 1117 773 enimssvia
1135 681 1238 768 atque
1258 670 1339 744 i'aui-

287 799 371 869 liore
399 803 493 865 uerte
518 789 638 874 endem
662 787 759 862 Zeno
785 790 913 862 dooere
936 805 1111 888 potuerat,
1140 797 1169 866 si
1195 823 1340 894 corpora

285 933 377 994 mota
387 931 531 1015 utraque
544 943 561 988 e
572 915 686 987 medio
698 915 809 988 stadio
822 943 842 988 e
854 919 997 1014 regione
1009 923 1177 996 currentia
1192 922 1339 996 lecisset.

536 1113 605 1197 ut.
623 1115 695 1212 ur,
717 1135 746 1196 o
765 1114 803 1214 l,
825 1133 904 1220 ptg.
922 1117 1010 1216 248,
1035 1117 1087 1200 lb

286 1296 464 1396 ὁμοταχῖς
482 1295 524 1370 τό
543 1299 583 1372 ἐν
600 1300 668 1392 ἴσῳ
681 1293 810 1394 χρόνῳ
827 1301 911 1372 ἴσον
927 1295 1170 1398 κινούμενον]
1192 1297 1339 1378 Quinam

286 1437 397 1497 motus
424 1447 541 1494 seeum
566 1423 711 1492 invicem
737 1426 925 1518 comparari
951 1427 1101 1520 possint,
1132 1424 1339 1498 Aristoteles

285 1553 476 1624 examinans
495 1549 636 1644 primurn
655 1546 801 1618 absurda
816 1547 896 1619 inde
914 1551 1029 1648 sequi,
1047 1552 1075 1622 si
1095 1552 1240 1648 quilibet
1259 1578 1335 1624 curn

285 1677 440 1775 quolibet
458 1675 645 1770 comparari
664 1674 790 1770 possit,
814 1686 992 1748 monstrat:
1019 1681 1050 1750 el
1073 1673 1120 1771 δή
1144 1682 1219 1751 ἐστι
1236 1687 1336 1752 πᾶσα

283 1800 476 1898 συμβλητὴ
494 1800 557 1874 καὶ
575 1798 754 1896 ὃμοταχὲς
771 1798 813 1872 τὸ
832 1803 872 1874 ὲν
888 1803 957 1898 ἴσῳ
971 1799 1099 1899 χρόνῳ
1116 1807 1199 1878 ἴσον
1212 1800 1339 1878 κινού-

281 1957 409 2025 μενον,
428 1930 529 2000 ἔσται
548 1922 744 2023 περιφερής
757 1955 812 2008 τις
824 1931 887 2020 ἴση
898 1926 1029 2023 εὐθείᾳ
1042 1957 1073 2002 κ.
1084 1959 1114 2000 τ.
1127 1936 1155 2001 λ.
1182 1925 1338 2026 Apparet

282 2066 411 2138 autern,
441 2051 484 2125 τὸ
517 2050 696 2148 ὃμοταχὲς
730 2050 774 2122 de
799 2053 841 2124 iis
867 2052 972 2124 rebus
996 2065 1123 2124 tantum
1148 2053 1338 2150 praedicari

281 2204 397 2278 posse,
415 2203 556 2276 quarum
569 2189 680 2248 rnotus
693 2181 879 2275 comparari
893 2181 1014 2275 possit,
1028 2192 1062 2250 et
1075 2182 1336 2277 omnemitaque

281 2331 352 2377 rem
371 2329 413 2376 ex
431 2329 473 2375 eo
493 2301 656 2400 pendere,
675 2303 758 2401 quid
772 2304 814 2378 ul
829 2303 1008 2399 ὁμοταχὲς
1019 2305 1246 2401 appellemus;
1264 2331 1333 2402 quo

283 2433 372 2503 euim
390 2430 485 2527 plura
503 2441 616 2500 motus
634 2453 761 2525 genera
779 2432 925 2502 invicem
944 2433 1130 2526 comparari
1148 2457 1253 2528 posse
1270 2458 1333 2527 pu·

281 2571 399 2642 tamus,
418 2581 460 2626 eo
473 2555 572 2626 latius
584 2557 679 2626 notio
691 2563 758 2630 τοῦ
771 2555 979 2652 ὁμοταχοῦς
995 2568 1113 2653 petere
1130 2555 1253 2644 debet;
1271 2560 1336 2629 iarn

280 2685 384 2779 igitur
401 2682 573 2767 latissime,
590 2682 650 2753 ubi
669 2684 849 2779 quaeritur,
867 2707 946 2754 num
966 2682 1110 2780 quilibet
1128 2695 1241 2756 motus
1259 2710 1336 2756 euru

280 2809 438 2908 quolibet
456 2809 644 2904 ooorpernri
662 2810 789 2902 possit,
817 2820 852 2880 et
870 2807 1048 2904 όμοταχὲς
1073 2821 1155 2880 tuno
1180 2836 1282 2882 onrue
1301 2810 1336 2882 id

281 2937 360 3019 erit,
384 2931 479 3032 quod
496 2933 630 3031 aequali
647 2945 805 3032 ternpore
823 2947 954 3006 motum
977 2961 1073 3006 suum
1092 2935 1179 3021 linit,
1202 2963 1270 3008 uon
1291 2937 1335 3022 iu,

280 3057 375 3158 quod
398 3065 439 3134 ἐν
461 3064 531 3156 ἴσῳ
551 3057 679 3157 χρόνῳ
703 3065 806 3136 ἴσον
829 3068 983 3138 κινεῖται
990 3091 1002 3149 ;
1030 3060 1113 3132 illud
1138 3065 1221 3136 ἴσον
1245 3063 1335 3134 enirn

281 3185 496 3259 eiiciendum.
536 3183 655 3284 Atque
673 3187 741 3258 hoe
760 3213 863 3285 quum
882 3199 997 3284 aperta
1014 3185 1213 3260 Aristotelis
1231 3189 1335 3258 verba

279 3323 482 3397 monstrant,
501 3315 557 3409 qui
575 3311 681 3398 dicat,
700 3313 897 3388 ἀλλοίωσιν
913 3329 997 3388 tuno
1016 3325 1050 3384 et
1068 3313 1192 3411 φορὰν
1209 3333 1333 3410 aequa-

279 3439 346 3510 lem
366 3437 508 3509 suturam
528 3435 643 3523 luisse,
661 3439 690 3508 si
708 3441 872 3536 temporis
890 3439 1076 3537 aequalitas
1094 3442 1158 3510 ianr
1174 3452 1333 3511 et-nrotus

278 3564 438 3662 aequales
455 3561 618 3635 redderet
635 3567 680 3658 (si
699 3568 788 3638 enirn
802 3569 902 3638 etiarn
918 3565 962 3652 id,
982 3565 1075 3664 quod
1091 3579 1203 3638 motus
1221 3565 1334 3651 ellioit,

278 3691 421 3788 aequale
440 3715 516 3762 esse
536 3687 690 3777 deberet,
709 3692 899 3777 ἀλλοίωσις
918 3705 953 3764 et
963 3694 1063 3790 φορὰ
1077 3717 1248 3790 nunquam
1266 3692 1332 3762 sibi

236 3812 242 3822 ’
277 3817 438 3913 aequales
464 3841 542 3886 esse
566 3820 742 3910 possent),
767 3859 812 3872 --
838 3830 908 3888 tum
935 3821 1040 3890 totius
1066 3821 1187 3916 cepitis
1211 3843 1332 3889 sensus

280 3941 394 4027 donet,
413 3965 515 4039 quum
535 3943 599 4013 iarn
617 3907 736 4037 (ulti)
755 3947 856 4015 missa
874 3945 938 4015 hae
957 3948 1056 4016 nimis
1074 3946 1138 4016 lata
1157 3953 1224 4018 τοῦ
1242 3943 1330 4038 ὁμο-

278 4075 414 4163 ταχσῦς
431 4070 573 4140 notione
592 4069 653 4140 alia
673 4083 895 4166 proponatur:
915 4073 990 4144 ἀλλ’
1010 4073 1084 4168 ἄρα
1103 4071 1196 4145 tran
1209 4073 1331 4166 ἐνῖσῳ

277 4199 361 4269 ἴσον
377 4197 527 4290 κινηθῇ,
547 4193 628 4268 τότε
645 4198 828 4290 ἰσοταχέςς
848 4209 883 4268 et
901 4223 945 4282 pe
964 4197 1027 4269 hae
1040 4196 1177 4294 quidem
1189 4197 1330 4294 probata

280 4321 412 4392 tertiam
432 4345 574 4418 eamque
589 4346 701 4394 verarn
719 4335 839 4394 auctor
853 4323 970 4396 donet:
989 4325 1031 4398 ab
1050 4323 1214 4419 ἰσοταχὲς
1232 4323 1273 4397 σὺ
1291 4329 1331 4397 ἐν
