3054 5174
703 410 750 484 57

197 640 267 735 μὲν
287 643 434 737 ἠρεμεῖν
452 637 509 710 ὑεῖ
529 637 568 711 dl
586 643 791 732 κινεῖσθαι,
816 638 838 732 ἠ
857 639 903 711 roi
928 638 998 734 ,abs
1024 639 1080 712 olel
1103 641 1252 737 ἠρεμεῖν

199 761 244 838 rol
264 765 302 839 ‹l'
330 763 386 838 ἀεὶ
410 769 596 854 κινεῖσθαι
622 767 766 858 αὐτῶν,
791 765 837 837 rol
865 764 902 838 δ’
928 763 987 838 das*
1010 764 1079 860 μὲν
1102 769 1252 864 ἠρεμεῖν

200 890 259 964 ὁτὲ
285 889 325 966 δὲ
350 894 559 986 κινεῖσθαι,
586 931 631 944 -
660 890 784 962 desunt
809 893 923 988 itaque
951 916 990 962 ea
1021 892 1142 978 verba,
1165 919 1253 991 quae

200 1016 357 1102 doceant,
374 1017 455 1098 alias
474 1042 528 1088 res
542 1043 678 1114 semper
690 1019 817 1088 moveri
832 1016 912 1088 alias
925 1041 1061 1114 semper
1073 1021 1252 1116 quiescere

198 1145 259 1237 (ita
279 1142 450 1227 videlicet,
469 1155 506 1214 ut
525 1143 634 1214 nullae
654 1146 731 1229 sint,
750 1168 836 1240 quae
855 1145 1031 1240 utriusque
1046 1144 1252 1218 conditionis

196 1271 382 1365 participes
401 1295 478 1340 esse
497 1269 655 1366 possint).
688 1265 751 1340 Sin
771 1271 926 1365 repetitis
943 1270 1059 1340 verbis
1078 1269 1100 1364 ἠ
1120 1271 1165 1344 rol
1182 1271 1253 1367 μὲν

199 1395 256 1468 ἀεὶ
273 1397 423 1492 ἠρεμεῖν
440 1395 487 1468 rol
501 1395 526 1468 d
528 1397 538 1420 ²
559 1396 812 1469 cataractarum
826 1395 979 1466 lacunam
995 1397 1254 1492 expleverimus,

198 1523 327 1617 optime
347 1523 456 1592 omnia
476 1545 513 1591 se
531 1520 757 1612 habebunt*).
788 1518 950 1592 Ceterum
969 1521 1033 1592 iam
1053 1519 1252 1620 Simplicius

200 1672 239 1717 ea
253 1645 478 1732 desiderabat,
489 1648 645 1719 consulto
661 1659 774 1718 autern
788 1649 910 1720 omissa
927 1671 1004 1718 esse
1021 1649 1252 1721 arbitrabatur.

416 1843 485 1926 nn
504 1844 580 1944 riu,
606 1868 634 1926 ε.
653 1846 694 1944 r,
719 1866 797 1952 pag.
815 1846 901 1945 aar,
920 1843 958 1944 a,
979 1847 1029 1928 ro.

270 1996 477 2070 Aristoteles
497 2000 539 2071 de
558 2003 658 2071 variis
677 2014 789 2071 motus
808 2001 918 2070 causis
937 2025 1044 2096 agens
1061 1997 1158 2072 dicit:
1177 2010 1254 2075 τῶν

200 2121 239 2195 dl
265 2125 352 2197 καθ’
379 2126 475 2199 αὐτὰ
503 2127 547 2198 τὰ
572 2125 642 2222 μὲν
665 2126 729 2222 ὑφ’
755 2129 890 2228 laucari
913 2125 959 2198 rol
986 2125 1023 2199 δ”
1051 2125 1111 2198 ὑπ’
1141 2128 1253 2199 ἄλλον

198 2255 260 2340 (sc.
278 2250 448 2344 masiaco)
471 2253 533 2325 καῖ
558 2253 603 2325 τὰ
627 2251 698 2348 μὲν
723 2250 831 2350 φύσει
855 2251 901 2324 τὰ
920 2250 960 2325 δὲ
983 2251 1051 2348 βίᾳ
1070 2251 1134 2324 καὶ
1151 2252 1252 2350 παρὰ

199 2371 330 2470 φύσιν·
362 2372 404 2448 τό
422 2407 458 2449 τε
477 2378 550 2477 γὰρ
571 2379 663 2452 αὐτὸ
682 2377 746 2474 ὑφ’
767 2377 885 2450 αὑτοῦ
903 2377 1126 2474 κινούμενον
1144 2375 1252 2476 φύσει

197 2507 349 2574 κινεῖται
378 2500 457 2575 οἷον
488 2504 643 2577 ἕκαστον
671 2512 748 2578 τῶν
778 2499 885 2600 ζῴων
911 2504 1079 2594 (κινεῖται
1107 2503 1181 2603 γὰρ
1211 2504 1253 2576 τὸ

201 2624 298 2722 ζῷον
321 2626 415 2699 αὐτὸ
440 2627 504 2724 ὑφ’
531 2628 677 2722 αὑτοῦ),
707 2628 806 2704 ὅσων
830 2628 867 2702 d'
894 2629 917 2723 ἠ
942 2630 1037 2727 ἀρχὴ
1063 2634 1103 2703 ἐν
1128 2632 1254 2713 αὐτοῖς

198 2759 260 2844 τῆς
284 2748 470 2846 κινήσεως,
497 2763 615 2827 ταῦτα
641 2752 749 2850 φύσει
776 2753 902 2852 φαμὲν
925 2758 1184 2830 κινεῖσθαι-
1209 2760 1254 2827 ita

199 2879 289 2947 enim
308 2880 584 2976 interpunctione
604 2879 882 2974 distinguendum
903 2893 955 2952 est
971 2909 1037 2965 —3
1056 2880 1139 2952 illud
1156 2879 1199 2954 τό
1216 2913 1252 2954 τε

199 3014 309 3072 autern
330 3003 518 3091 desiderat,
547 3005 640 3103 quod
667 3008 731 3078 sibi
756 3006 981 3102 respondeat,
1006 3031 1118 3104 neque
1144 3004 1254 3077 solum

175 3209 178 3214 ,
199 3153 304 3199 sensu
322 3129 383 3200 sed
404 3134 503 3202 etiam
522 3134 636 3203 verbis
655 3135 688 3202 in
708 3132 765 3202 illo
786 3131 886 3206 ὅσων
903 3131 940 3204 d'
961 3133 1113 3203 invenire
1133 3129 1253 3217 debet,

201 3252 289 3326 duce
310 3255 433 3326 codice
446 3255 491 3342 K,
510 3259 568 3354 qui
580 3257 684 3328 habet
700 3255 800 3330 ὅσων
811 3288 849 3329 τε
868 3255 1050 3352 legendum
1077 3270 1131 3328 est
1156 3257 1256 3333 ὅσων

198 3381 238 3452 θ’
258 3380 326 3452 boc
346 3407 464 3453 sensu:
489 3411 554 3452 aaa
571 3384 672 3454 solam
690 3394 776 3454 caim
794 3411 849 3466 ea,
877 3410 963 3482 qaae
985 3410 1008 3452 a
1030 3411 1064 3453 se
1086 3394 1166 3482 ἠωεω
1187 3411 1255 3454 aaa·

198 3520 315 3575 ocatur
331 3517 419 3577 sicat
432 3518 628 3592 animantia,
645 3523 772 3579 aatara
784 3519 906 3578 moveri
922 3511 1068 3592 dicamas,
1085 3511 1256 3580 sedetiam

200 3658 254 3714 ea,
273 3659 409 3729 quoram
416 3644 625 3732 priaapa'ara
642 3649 746 3704 motas
762 3645 798 3706 ia
816 3643 895 3732 apra
913 3649 966 3702 est.

321 3891 323 3896 -
426 3830 495 3913 Lib.
514 3831 591 3932 llll,
616 3853 644 3914 o.
663 3833 705 3930 8,
733 3852 811 3938 pag.
828 3833 916 3930 264,
941 3831 977 3930 b,
1002 3832 1030 3912 1.

200 3983 313 4079 δῆλον
330 3985 460 4062 τοίνυν
477 3993 516 4060 ἐκ
534 3997 610 4063 τῶν
629 3989 841 4085 εἰρημένων,
862 3985 917 4060 ὅτι
933 3987 1002 4060 οὐκ
1016 3987 1089 4060 ἔστι
1105 3987 1258 4082 συνεχὴς

201 4107 223 4200 ἡ
248 4107 407 4211 κίνησις]
443 4109 498 4183 Ex
530 4115 634 4184 totius
660 4114 781 4209 capitis
805 4137 907 4184 sensu
932 4137 972 4183 ac
995 4137 1084 4184 nexu
1109 4125 1258 4210 apparet,

269 4313 298 4383 ἧι)
317 4314 409 4384 cons,
429 4333 499 4386 quae
517 4333 601 4387 supra
618 4320 708 4390 pag.5
725 4318 753 4372 in
771 4319 862 4373 adnot.
882 4317 1008 4373 diximus.

987 4439 993 4454 ·
1035 4416 1059 4488 7
