3054 5174
650 414 798 530 ...¹.¹...

201 651 291 722 inest
307 626 421 720 uerbis
439 645 487 741 (p.
507 640 588 728 194,
605 641 662 735 7);
689 641 795 736 δηλοῖ
809 638 850 716 δὲ
866 637 930 714 καὶ
947 634 1244 736 cneocaesarea

200 782 279 849 τῶν
309 767 565 868 μαθημάτων,
603 767 684 842 οἷον
720 765 850 860 ὀπτικὴ
878 764 941 840 καὶ
972 763 1153 860 ἁρμονικὴ
1181 765 1245 842 καὶ

201 895 440 996 ἀστρολογία·
473 891 659 1004 decinam
687 892 760 994 γὰρ
791 887 928 988 τρόπον
955 893 1023 968 τιν’
1055 893 1177 985 ἔχουσι
1200 900 1246 986 τῇ

200 999 423 1124 γεωμετρίᾳ·
442 1022 515 1098 ἀλλ’
534 1019 557 1114 ἡ
575 1017 645 1114 μὲν
661 1015 866 1118 γεωμετρία
884 1016 966 1114 περὶ
981 1025 1154 1117 γραμμῆς
1172 1045 1246 1114 ‹po-

203 1157 304 1243 σικῆς
322 1154 463 1240 σκοπεῖ,
483 1145 557 1220 ἀλλ’
576 1145 646 1238 οὐχ
663 1137 686 1239 ᾖ
704 1141 859 1240 φυσικὴ,
876 1141 899 1236 ἡ
917 1141 955 1219 ‹l'
974 1141 1103 1236 ὀπτικὴ
1119 1146 1247 1237 μαθη-
1320 1161 1326 1178 ‘

80 1364 82 1368 Α
202 1273 363 1372 ματικὴν
378 1271 448 1368 μὲν
464 1269 653 1372 γραμμὴν,
679 1269 753 1344 ἀλλ’
777 1269 847 1362 οὐχ
870 1261 1153 1364 ᾖμαθηματιαὴ
1171 1270 1245 1343 ἀλλ’

203 1395 227 1497 ᾗ
244 1395 394 1498 φυσική,
412 1421 554 1470 -nam
571 1391 656 1468 illud
673 1392 764 1470 ἀλλὰ
787 1404 866 1466 ante
889 1391 912 1488 ἡ
937 1393 1008 1489 μὲν
1023 1418 1128 1468 sensu
1145 1407 1247 1482 caret,

204 1549 318 1623 neque
340 1547 424 1599 vero
442 1522 546 1600 lectio
564 1521 587 1616 ἡ
604 1518 673 1616 μὲν
689 1518 780 1620 γὰρ,
808 1544 907 1616 qnam
925 1517 1040 1595 codex
1055 1516 1087 1592 F
1106 1533 1140 1594 et
1158 1524 1247 1619 opti·

204 1678 279 1724 mus
305 1645 415 1724 illeE
440 1647 572 1740 (ethic
596 1644 733 1744 quidem
762 1647 954 1721 recentiore
983 1671 1082 1718 meon
1109 1647 1249 1738 illatum)

205 1777 388 1874 praebent,
409 1774 558 1870 genuina
583 1795 660 1872 esse
677 1769 860 1865 videtum),
879 1811 924 1828 ·-
944 1770 1007 1843 sed
1031 1773 1248 1848 scribendum

204 1905 320 2000 potius
344 1899 413 1994 ιίἡ
430 1899 509 1996 μίν.
545 1897 649 1974 Plura
670 1897 865 1995 perturbata
887 1895 1046 1974 videntur
1067 1901 1101 1970 in
1124 1901 1250 1986 uerbis„

207 2053 295 2128 quae
319 2038 506 2124 sequuntur
524 2025 568 2119 (v.
589 2021 651 2116 18)
675 2021 831 2122 πότερον
848 2019 918 2100 οὖν
933 2033 999 2118 τῆς
1015 2027 1127 2120 αὐτῆς
1143 2025 1166 2120 ἢ
1185 2028 1250 2100 ἄλ-

208 2163 270 2248 λης
285 2152 463 2248 ἑκατέραν
479 2149 672 2249 γνωρίζων
678 2179 691 2238 ,·
716 2155 766 2234 εἰς
787 2148 945 2250 μὲνγὰρ
970 2149 1058 2234 τοὺς
1074 2151 1251 2250 ἀρχαίους

209 2279 462 2375 ἀποβλέψαντι
487 2271 625 2360 δόξειεν
649 2273 700 2350 dn
723 2275 815 2354 εἶναι
838 2285 902 2371 τῆς
917 2276 1021 2372 ὕλης,
1039 2317 1090 2332 --
1106 2301 1250 2376 qnorum

210 2429 347 2478 sensum
365 2403 475 2500 quivis
493 2399 651 2496 intelligit
668 2413 704 2474 et
720 2403 784 2478 iam
802 2397 1011 2500 Simplicius,
1031 2401 1253 2489 Themisties,

209 2525 424 2626 Philoponns
449 2527 539 2601 bene
562 2526 792 2622 explicavere3
820 2527 947 2624 duplex
970 2531 1059 2604 enim
1082 2555 1185 2629 quum
1209 2533 1263 2612 sit¹

210 2667 327 2732 natura
351 2696 397 2714 -
420 2651 489 2746 ὕλη
514 2663 549 2724 et
572 2649 667 2734 elder
691 2649 970 2730 -Aristoteles
1000 2659 1147 2754 quaerit,
1174 2683 1253 2728 ιιιιιιι

168 2817 170 2821 ·
211 2781 277 2854 λιιι
293 2783 508 2878 deoperte
523 2787 559 2850 in
576 2778 723 2852 diversas
740 2781 868 2854 cadent
880 2790 1041 2865 deterrear,
1057 2797 1179 2854 ueteres
1191 2809 1253 2854 αα-

212 2921 275 2978 λωα
292 2905 376 2981 dicit
383 2903 594 3004 philosophos
609 2915 780 2980 moerim
803 2921 930 2980 turdum
943 2922 1171 3005 perscrutatos·
1185 2935 1255 2980 asse

212 3031 286 3128 (ἐπὶ
300 3029 435 3129 μικρὸν
450 3028 523 3132 γάρ
540 3060 574 3108 τι
591 3031 944 3130 μέροςἘμποιίοκλῆς
956 3032 1019 3107 καί
1027 3031 1256 3132 Δημόκριτος

213 3167 280 3235 τοῦ
306 3157 426 3238 et'dove
448 3156 511 3248 καί
534 3165 601 3230 τοῦ
623 3155 660 3232 τί
681 3152 729 3250 ἦν
751 3156 844 3232 εἶναι
865 3157 1041 3257 ἥψαντο),
1067 3201 1116 3212 --
1140 3159 1255 3232 sedin

213 3285 327 3358 verbis
344 3282 539 3370 haeremus,
556 3305 658 3380 quum
676 3307 743 3354 non
762 3283 872 3356 solum
890 3295 969 3380 post
986 3286 1090 3358 verba
1107 3295 1170 3380 τῆς
1186 3288 1257 3359 αὐ-

214 3419 277 3506 τῆς
295 3409 528 3482 desideremus
545 3405 751 3506 luterdrang,
771 3408 862 3506 quod
880 3409 1018 3483 aliunde
1034 3410 1176 3507 intelligi
1194 3437 1255 3484 ne-

211 3583 408 3598 σιηικι-μ--ώ-ι

263 3672 293 3743 *)
318 3671 416 3728 Codici
433 3675 454 3726 F
473 3675 583 3731 omnino
608 3671 698 3732 dubiis
715 3671 786 3730 locis
809 3683 864 3728 non¹
887 3673 1000 3728 multum
1015 3675 1190 3732 tribuendum
1207 3683 1259 3744 est,

215 3765 315 3839 quippe
334 3763 380 3836 qui
396 3764 555 3838 plerumque
572 3765 601 3822 id
617 3766 758 3838 praebeat,
771 3767 843 3836 qnod
860 3766 951 3838 prima
967 3769 1060 3840 specie
1078 3768 1192 3840 quisque
1211 3785 1258 3824 ex·
1333 3805 1335 3812 ·

215 3863 322 3928 spectet
340 3873 373 3911 ae
390 3857 521 3928 scripturn
538 3859 616 3925 velit3
638 3859 756 3928 ideoque
774 3875 828 3928 quo
848 3859 987 3914 faciliores
1005 3866 1067 3914 sunt
1085 3861 1143 3914 eins
1160 3861 1258 3916 lectio-

216 3965 273 4016 nes,
291 3965 324 4003 eo
338 3950 443 4004 cautius
457 3949 485 4002 in
498 3957 604 4004 textum
619 3951 807 4024 recipiendae,
824 3967 859 4006 ex
868 3951 1016 4006 innumeris
1028 3953 1162 4024 exemplis
1176 3971 1259 4008 unum

218 4049 260 4098 est
275 4046 309 4110 ΙΙ,
328 4045 353 4112 l,
370 4061 396 4116 p.
406 4043 463 4112 196,
476 4043 518 4108 28,
536 4045 583 4098 ubi
597 4049 722 4116 λέγοντος
735 4044 790 4120 γὰρ
806 4046 895 4116 prima
911 4045 998 4100 rerba
1014 4047 1171 4108 mamlmti
1186 4054 1259 4115 sunt,

218 4152 271 4206 qno
290 4136 335 4189 vix
354 4135 529 4201 offendamur,
546 4136 575 4189 in
591 4136 640 4191 illo
660 4144 750 4192 autem
768 4139 863 4192 codice
877 4138 931 4210 γὰρ
946 4139 1077 4194 omissum
1092 4145 1119 4194 et
1135 4145 1258 4213 λέγοντες

218 4230 245 4282 in
269 4235 396 4301 λέγοντας
416 4235 549 4282 mutatum
574 4237 616 4284 est
642 4231 698 4302 (ita
720 4237 749 4285 ut
771 4249 788 4285 a
809 4231 895 4285 verbo
923 4233 1093 4286 antecedenti
1116 4233 1255 4306 deceptioni

218 4325 359 4394 pendeat);
377 4323 404 4376 in
423 4339 477 4392 quo
494 4322 678 4380 recentiorem
696 4325 912 4380 emendationem
929 4323 1011 4380 lacile
1028 4328 1208 4395 agnoscimus.
