3054 5174
283 635 499 734 teiligontur).
534 631 684 706 Meliore
710 633 836 706 deinde
861 636 1139 732 interpunctione
1165 661 1222 722 oa,
1253 662 1341 734 quoe

282 789 373 834 nunc
398 763 482 833 maia
506 760 701 858 perturbata
730 762 784 830 vix
818 760 962 856 intelligi
993 773 1153 857 possunt,
1184 765 1216 832 in
1250 761 1342 834 hunc

283 887 421 960 modurn
441 883 680 978 distinguenda
700 897 795 956 suut:
827 887 901 960 ἐπεὶ
925 885 965 960 δὲ
991 883 1117 984 πρώτη
1141 887 1216 960 ἐστὶ
1241 888 1341 985 φορὰ

283 1015 346 1090 καῖ
362 1011 500 1108 ταύτης
515 1011 538 1107 ἡ
556 1007 699 1107 κύκλῳ,
729 1012 945 1108 ἀριθμεῖται
965 1011 1003 1086 δ’
1023 1014 1180 1088 ἕκαστον
1198 1012 1253 1088 ἑνί
1269 1043 1341 1087 τινι

284 1146 470 1241 συγγενεῖ,
488 1134 650 1234 μονάιῖες
665 1135 823 1232 μονάιῖι,
842 1140 944 1211 ῖπποι
966 1137 1005 1212 τῖ’
1023 1141 1141 1236 ἵππῳ,
1162 1139 1261 1212 οὕτω
1279 1138 1342 1212 καῖ

285 1268 304 1342 ὁ
319 1264 455 1364 χρόνος
468 1260 595 1359 χρόνῳ
613 1263 687 1336 τινὶ
705 1263 916 1360 ὡρισμένῳ,
940 1271 1125 1360 μετρεῖται
1154 1265 1191 1338 δ’
1219 1265 1341 1358 οῖστιερ

284 1397 434 1488 εἴπομεν
462 1390 483 1462 ὅ
513 1419 550 1462 τε
577 1386 714 1486 χρόνος
743 1385 881 1482 κινήσει
913 1389 975 1462 καὶ
999 1389 1021 1482 ἡ
1047 1389 1188 1484 κίνησις
1212 1385 1341 1486 χρόνῳ

285 1526 410 1612 (τοῦτο
436 1515 474 1590 (λ’
500 1513 617 1607 ἐστὶν,
652 1513 707 1588 ὅτι
737 1513 899 1609 ὑπὸτῆς
929 1513 1134 1611 ὡρισμένης
1165 1512 1342 1610 κινήσεως

281 1639 409 1740 χρόνῳ
432 1647 617 1737 μετρεῖται
643 1648 708 1734 τῆς
730 1669 767 1712 τε
792 1637 967 1734 κινήσεως
993 1640 1035 1713 τὸ
1054 1641 1171 1714 ποσὸν
1193 1641 1341 1714 καὶτοῦ

282 1766 452 1865 χρόνον),
471 1807 521 1818 -
546 1770 577 1838 ελ
600 1761 670 1840 οὖν
694 1763 736 1838 τὸ
761 1773 910 1862 πρῶτον
929 1767 1067 1863 μέτρον
1089 1764 1243 1840 πάντων
1265 1775 1340 1840 ταῖν

287 1901 496 1996 συγγενῶν,
522 1889 792 1988 ἡκοκλοῳορία
810 1890 833 1984 ἡ
852 1891 991 1987 όμαλὴς
1007 1892 1145 1988 μέτρον
1166 1889 1338 1987 μάλιστα,

287 2020 342 2094 ὅτι
368 2019 387 2092 ὃ
412 2016 614 2116 άριθμὸςὸ
637 2013 773 2110 ταύτης
796 2017 1101 2116 γνωριμώτατος,
1128 2059 1161 2068 —
1194 2044 1232 2088 ea
1258 2043 1339 2088 con·
1388 2085 1390 2090 .

287 2147 492 2236 structione,
508 2155 546 2214 ut
564 2147 595 2215 εἰ
612 2137 682 2216 οὖν
700 2141 742 2215 τὸ
760 2144 867 2238 prima
883 2141 1080 2239 apodoseos
1097 2145 1201 2216 verba
1220 2147 1286 2214 sint
1305 2156 1338 2213 et

287 2271 501 2342 enunciatum
520 2273 551 2342 εἰ
568 2263 638 2342 οὖν
732 2277 925 2367 σογγενιῖν
950 2281 985 2340 et
1008 2271 1118 2366 iprum
1143 2268 1335 2366 epodoseos

286 2408 413 2468 tantum
439 2421 516 2493 pars
540 2396 598 2466 sit:
622 2419 721 2490 quum
743 2421 820 2464 uero
843 2409 946 2464 πιοιαε
969 2395 1082 2466 locales
1094 2405 1227 2494 primus
1247 2403 1291 2464 sit
1305 2409 1339 2463 et

285 2522 384 2594 horos
390 2531 525 2620 μιῖοιαε
549 2531 578 2591 is
594 2520 725 2602 circuli,
749 2546 955 2590 numeremus
977 2549 1052 2592 οετο
1071 2531 1182 2592 monia
1199 2536 1337 2616 cognato

286 2649 428 2746 quodam
446 2701 516 2729 ....,
538 2655 715 2716 metiamur
730 2673 806 2716 οετο
823 2673 888 2716 ποτε
905 2648 1007 2718 solum
1024 2663 1149 2746 tempus
1164 2663 1266 2732 mom,
1283 2648 1344 2717 sed

285 2783 386 2844 etiam
402 2788 523 2844 monem
539 2787 681 2869 tempore
691 2776 786 2869 (quia
798 2773 924 2843 scilicet
935 2784 1151 2870 quantitatem
1167 2789 1340 2870 errantque

286 2916 321 2972 et
338 2913 443 2970 motus
467 2915 499 2970 et
521 2907 675 2996 τοτομοιῖε
688 2924 757 2996 μιν
784 2913 905 2968 motum
928 2914 1070 2997 tempore
1079 2900 1223 2994 finitum
1246 2908 1339 2969 meti-

285 3026 384 3113 mur),
401 3065 450 3076 -
468 3035 548 3095 iam
564 3034 712 3118 igitur,
729 3033 764 3094 si
780 3026 942 3121 quidem
958 3025 1007 3106 td,
1024 3025 1270 3122 ηαοάμτῖτααπι
1287 3040 1339 3106 est,

286 3161 386 3222 etiam
403 3160 513 3221 omniu
529 3147 593 3220 ribi
610 3165 756 3244 cognata
773 3160 918 3230 metimur,
945 3150 1063 3220 circuli
1086 3165 1189 3220 οιοίτιε
1207 3159 1338 3247 poturi-

284 3303 374 3347 mum
389 3302 546 3346 mensuro
562 3284 632 3348 erit.

557 3472 626 3555 Lib.
643 3473 678 3571 V,
703 3494 730 3554 ο.
748 3474 783 3573 1,
806 3493 890 3579 μς.-
903 3476 991 3574 224,
1009 3475 1067 3557 30.

359 3650 460 3725 Initio
487 3653 585 3726 huius
617 3654 692 3725 libri
719 3653 927 3728 Aristoteles
961 3655 1186 3741 demonstrat,
1218 3657 1339 3739 omniu,

286 3802 374 3876 quae
391 3790 579 3867 mutentur,
602 3783 722 3851 mutari
749 3793 805 3887 arnt
830 3805 893 3877 per
910 3780 1072 3852 accidens
1091 3793 1147 3852 aut
1166 3783 1244 3879 quio
1262 3805 1339 3881 pars

286 3931 402 3976 eorum
420 3917 571 3998 mutetur
587 3918 644 3978 eut
661 3931 724 4002 per
741 3932 789 3992 se,
808 3909 836 3978 si
856 3907 990 3978 scilieet
1009 3933 1122 4006 neque
1135 3908 1230 3982 κατὰ
1246 3934 1340 4002 συμ-

283 4030 444 4128 βεβηκὸς
461 4055 574 4128 neque
598 4039 651 4128 τῳ
675 4033 761 4105 ἄλλο
786 4062 820 4106 τι
847 4042 925 4110 τῶν
951 4036 1069 4108 αὐτοῦ
1092 4031 1339 4130 μεταβάλλειν

274 4167 471 4252 mutentur,
498 4155 541 4226 de
569 4156 693 4254 quibus
716 4163 899 4253 postremis
925 4159 1021 4230 dicit:
1046 4158 1110 4231 καῖ
1133 4160 1237 4231 τοῦτ’
1263 4158 1339 4232 ἐστὶ

283 4283 325 4356 τὸ
342 4283 436 4356 καθ’
456 4281 549 4356 αὐτὸ
567 4282 728 4376 κινητόν,
748 4287 827 4358 κατ’
847 4287 960 4379 ἄλλην
977 4283 1017 4359 (λε’
1035 4283 1181 4378 κίνησιν
1199 4286 1334 4383 ἕτερον,

1518 2895 1521 2988 t
