3054 5174
713 433 761 510 33

202 659 311 755 μέροςΙ
337 671 371 728 et
401 658 443 732 τὸ
476 661 565 732 καθ’
599 658 693 732 αὐτὸ
722 657 958 755 μεταβάλλον
987 659 1264 756 distinguendum

205 808 282 855 esse
302 795 337 855 et
354 780 453 876 (224,
473 784 505 868 b,
527 783 587 872 11)
608 783 747 856 sormam
766 813 834 858 non
853 789 982 858 moveri
999 825 1049 839 -
1065 785 1112 860 τὰ
1131 786 1167 860 δ’
1186 786 1264 882 εἴδη

202 909 266 984 καὶ
283 908 328 982 τὰ
347 907 453 1004 πάθη
471 910 533 984 καὶ
553 910 572 984 ὁ
592 894 719 1005 τόπος,
747 917 797 996 εἰς
815 913 838 986 ἃ
856 921 1049 988 κινοῦνται
1069 913 1115 986 το)
1137 911 1264 990 κινού-

204 1064 310 1130 μενα,
331 1035 488 1130 ἀκίνητά
507 1042 605 1112 ἐστιν
623 1037 704 1114 οἷον
720 1037 742 1131 ἡ
761 1035 939 1134 ἐπιστήμη
957 1038 1020 1112 καὶ
1036 1039 1059 1133 ἡ
1076 1037 1263 1137 θερμότης

202 1160 371 1248 -dixit,
394 1164 457 1233 iam
484 1165 530 1256 (v.
554 1161 616 1255 16)
641 1166 767 1259 pergit:
798 1167 872 1238 ἔστι
899 1163 938 1238 (λε’
963 1163 1027 1238 καὶ
1050 1169 1090 1240 ἐν
1112 1164 1263 1250 ἐκείνοις

201 1286 265 1360 καὶ
282 1287 324 1360 τὸ
343 1288 438 1360 κατὰ
457 1289 695 1384 συμβεβηκὸς
712 1290 776 1366 καὶ
800 1290 842 1364 τὸ
860 1291 956 1366 κατὰ
981 1294 1091 1387 μέρος
1113 1290 1189 1366 καὶ
1212 1291 1261 1366 τὸ

201 1416 296 1486 κατ’
322 1415 424 1486 ἄλλο
448 1414 510 1522 καὶ
533 1415 576 1490 τὸ
594 1411 750 1512 πρώτως
766 1416 829 1490 καὶ
847 1417 889 1492 τὸ
907 1417 959 1513 μὴ
977 1418 1057 1492 κατ’
1076 1417 1164 1491 ἄλλο
1181 1416 1262 1497 οἷον

202 1539 244 1612 τὸ
271 1537 558 1636 λευκαινόμενον
581 1547 631 1624 εἰς
654 1539 724 1636 μέν
749 1541 791 1614 τὸ
816 1540 1023 1639 νοούμενον
1038 1540 1261 1640 μεταβάλλει

204 1664 298 1738 κατὰ
317 1665 554 1761 συμβεβηκὸς
572 1670 641 1764 (τῷ
657 1666 730 1767 γὰρ
744 1665 917 1764 χρώματι
936 1670 1149 1766 συμβέβηκε
1166 1676 1261 1744 νοεῖ-

205 1794 327 1885 σθαι),
347 1797 397 1875 εἰς
414 1790 454 1866 δι’
469 1800 605 1888 χρῶμα
625 1791 679 1866 ὅτι
698 1795 808 1891 μέρος
825 1794 867 1868 τὸ
886 1791 1261 1892 λευκὸντοῦχρώμα-

202 1947 263 2001 τος
285 1917 349 1992 καὶ
373 1923 423 2000 ελς
448 1916 518 2012 τὴν
543 1914 730 2014 Εὐρώπην
757 1919 811 1994 ὅτι
836 1921 946 2017 μέρος
971 1922 1010 1994 αἱ
1024 1922 1180 2015 Ἀθῆναι
1198 1929 1261 2017 τῆς

207 2041 399 2140 Εὐρώπης,
425 2048 475 2126 εἰς
500 2042 599 2117 δὲτὸ
617 2045 749 2120 λευκὸν
770 2053 906 2143 χρῶμα
934 2048 1023 2120 καθ’
1049 2044 1160 2122 αὑτό·
1185 2055 1262 2132 πῶς

203 2167 272 2264 μέν
288 2166 358 2245 οὖν
374 2171 463 2244 καθ’
483 2169 577 2244 αὑτὸ
595 2178 747 2246 κινεῖται
775 2172 838 2248 καὶ
861 2180 939 2254 πῶς
955 2171 1050 2246 κατὰ
1070 2174 1262 2270 συμβεβη-

203 2295 266 2378 κὸς
288 2296 364 2370 καὶ
389 2304 477 2380 πῶς
501 2297 600 2370 κατ’
625 2297 731 2372 ἄλλο
754 2327 795 2369 τι
813 2296 877 2371 καὶ
893 2305 972 2381 πῶς
987 2298 1030 2371 τὸ
1049 2297 1143 2374 αὐτὸ
1160 2306 1262 2396 πρῶ-

202 2451 269 2498 τον
285 2422 349 2497 καὶ
366 2422 425 2496 ἐπὶ
441 2431 634 2506 κινοῦντος
651 2422 716 2498 καὶ
734 2423 792 2496 ἐπὶ
809 2423 1049 2520 κινουμένου,
1069 2423 1184 2518 δῆλον
1198 2424 1262 2504 καὶ

205 2547 260 2622 ὅτι
278 2548 301 2643 ἡ
319 2547 459 2643 κίνησις
477 2551 547 2624 οὐκ
565 2553 604 2624 ἐν
621 2556 674 2644 τῷ
699 2547 786 2623 εἴδει
813 2551 888 2622 ἀλλ’
913 2553 954 2624 ἐν
978 2557 1030 2646 τῷ
1054 2550 1261 2647 κινουμένῳ

205 2674 268 2748 καὶ
286 2682 422 2772 κινητῷ
444 2677 523 2750 κατ’
543 2675 737 2774 ἐνέργειαν.
771 2671 809 2744 In
835 2673 886 2746 his
912 2677 1056 2772 primum
1081 2673 1166 2746 illud
1181 2679 1260 2750 κατ’

208 2801 311 2893 ἄλλο,
337 2801 431 2898 quod
450 2827 573 2872 novum
593 2799 768 2885 inseratur,
785 2811 932 2898 utroque
950 2801 1029 2872 loco
1047 2802 1190 2872 maxime
1211 2799 1262 2870 os-

212 2922 334 3012 rendit,
360 2939 394 2998 et
417 2929 500 2998 mire
526 2953 603 2998 cum
627 2927 798 3022 prioribus
822 2927 997 3023 totiusque
1021 2927 1141 3027 capitis
1160 2949 1263 2998 sensu

214 3055 383 3138 convenit,
402 3051 497 3149 quod
514 3055 629 3149 priore
648 3052 726 3123 Ιοεο
746 3050 824 3122 cod.
842 3049 878 3122 H
901 3052 1004 3124 verba
1027 3051 1091 3126 καὶ
1113 3051 1157 3126 τὸ
1182 3051 1261 3128 κατ’

211 3177 308 3270 ἄλλο,
329 3177 405 3248 cod.
424 3177 455 3250 E
474 3189 586 3250 autem
604 3178 707 3248 verba
721 3179 808 3250 ἄλλο
820 3177 883 3251 καὶ
894 3178 949 3271 τὸ,
967 3179 1160 3274 posteriore
1178 3201 1261 3250 vero

212 3302 289 3374 loco
309 3303 386 3375 cod.
404 3302 435 3376 E
455 3303 540 3374 haec
559 3306 670 3374 omnia
688 3302 752 3376 καὶ
769 3310 846 3385 πῶς
862 3305 940 3377 κατ’
961 3305 1047 3378 ἄλλο
1064 3333 1098 3378 τι
1122 3305 1263 3389 omittit;

208 3453 298 3525 quae
317 3453 430 3528 neque
450 3425 664 3527 Simplicium
692 3453 806 3525 neque
825 3426 1052 3500 Themistium
1076 3429 1202 3524 legisse
1221 3451 1264 3500 ex

208 3555 359 3650 ipsorum
393 3556 508 3628 verbis
537 3553 742 3638 concludam,
777 3579 919 3651 quorum
948 3555 1034 3626 alter
1064 3552 1155 3626 dicat
1190 3551 1263 3648 (fol.

210 3677 290 3766 191,
308 3681 364 3772 b):
385 3680 473 3777 ὅπερ
492 3679 673 3778 πρότερον
691 3677 837 3773 ἔδειξεν,
857 3679 915 3754 ἐπί
931 3711 969 3754 τε
987 3687 1054 3754 τοῦ
1071 3687 1266 3762 κινοῦντος

204 3806 267 3880 καὶ
294 3806 352 3880 ἐπὶ
375 3816 442 3882 τοῦ
468 3806 712 3901 κινουμένου,
741 3804 798 3878 ὅτι
824 3805 866 3878 τὸ
882 3805 952 3901 μέν
968 3804 1005 3878 τί
1022 3808 1121 3879 ἐστιν
1138 3804 1267 3880 αὐτῶν

208 3933 302 4006 κατὰ
323 3930 561 4029 συμβεβηκὸς
579 3930 621 4004 τὸ
641 3930 681 4006 δέ
699 3931 794 4006 κατὰ
820 3933 930 4028 μέρος
947 3930 989 4006 τι)
1007 3929 1046 4008 δι’
1065 3932 1153 4006 καθ’
1174 3929 1267 4006 αὐτὸ

206 4057 271 4130 καὶ
289 4055 460 4156 πρυέτοις,
480 4065 552 4131 νῦν
570 4055 661 4156 λέγει
683 4056 736 4130 ὅτι
756 4056 818 4130 καὶ
836 4056 893 4130 ι’πὶ
911 4056 957 4130 τὰ
976 4058 1067 4130 ἄλλα
1086 4055 1132 4130 τὰ
1150 4065 1195 4152 τη)
1213 4084 1268 4130 ιιι-

207 4179 308 4276 νήσει
328 4179 616 4282 συνυπάρχοντα
633 4183 655 4277 ἡ
674 4181 852 4280 διαίρεσις
869 4181 965 4275 αὕτη
983 4181 1201 4276 ἐκτείνεται,
1216 4221 1266 4232 -

210 4308 295 4382 aiter
311 4305 383 4402 (1ο1.
391 4306 457 4398 19)
475 4308 702 4405 προσθετέον
715 4306 756 4392 δέ
769 4311 818 4384 ἔτι
838 4307 900 4382 καὶ
918 4315 1039 4382 ταῦτα
1055 4314 1132 4390 τοῖς
1149 4307 1266 4388 ἄλλως

1039 4429 1063 4504 4
