3054 5174
790 439 838 518 42

747 544 889 556 —-..-...-

503 739 574 822 ιιι
591 741 647 840 u,
671 741 760 841 το,
783 742 969 848 nmero,
995 743 1129 826 r-n

366 919 523 999 Quarum·
540 947 680 1006 causae,
698 923 822 1020 quibus
841 919 957 993 Zeno
978 921 1101 994 duetus
1121 936 1250 994 motum
1268 949 1345 996 esse

289 1049 475 1142 negaverit,
494 1045 562 1118 hoo
582 1049 694 1144 eapite
712 1048 754 1119 ab
773 1045 962 1120 Aristotele
982 1061 1221 1120 enumerantur
1238 1063 1272 1122 et
1290 1077 1345 1122 re-

289 1172 454 1256 intantum
473 1195 513 1243 ea
530 1183 644 1245 autem
662 1173 776 1258 verba,
794 1175 918 1270 quibus
934 1172 978 1245 de
992 1173 1120 1246 iliarum
1136 1187 1250 1272 quarta
1266 1179 1346 1272 agit,

290 1297 378 1371 adeo
409 1297 586 1370 interiectu
619 1297 768 1370 difficilia
798 1309 958 1397 tantaque
993 1299 1150 1372 iectionis
1183 1304 1344 1373 varietate

290 1424 392 1496 dubia
410 1433 505 1508 sunt,
522 1435 559 1494 ut
577 1423 649 1495 iore
668 1421 848 1520 desperata
865 1422 973 1495 videri
992 1428 1134 1521 possint.
1172 1431 1344 1523 {ntegrum

289 1553 432 1649 primum
461 1549 573 1620 iocum
604 1573 647 1620 ex
670 1546 826 1620 Bekkeri
855 1553 1059 1622 recensione
1090 1551 1216 1624 additis
1245 1556 1344 1625 variis

290 1675 499 1748 lectionibus
517 1675 765 1747 exscribamus:
792 1675 964 1772 τέταρτος
988 1675 1030 1750 δέ
1055 1675 1075 1750 ὁ
1100 1678 1183 1774 περὶ
1206 1689 1284 1755 τῶν
1306 1685 1346 1754 ἐν

289 1810 342 1898 τῷ
360 1799 501 1898 σταδίῳ
519 1801 752 1898 κινουμένων
769 1807 807 1888 ἐξ
825 1801 1105 1884 inaminatum
1123 1805 1343 1904 ὄχνωνπαρ’

290 1931 410 2019 ἴσους,
436 1933 514 2000 τῶν
530 1923 600 2021 μέν
618 1926 692 2000 άπὸ
709 1929 834 2012 τέλους
851 1933 919 2002 τοῦ
937 1926 1093 2002 σταδίου
1118 1937 1195 2005 τῶν
1212 1929 1249 2004 ‹i'
1270 1932 1344 2006 άπὸ

288 2053 422 2148 μέσον,
441 2055 510 2148 ἴσῳ
528 2047 628 2146 τάχει
638 2111 648 2146 ,
674 2056 715 2128 ἐν
732 2047 762 2150 ᾦ
780 2053 1004 2150 συμβαίνειν
1021 2059 1134 2128 οἴεται
1152 2061 1235 2132 ἴσον
1253 2057 1345 2132 εἶναι

285 2175 427 2276 χρόνον
444 2177 627 2274 διπλασίῳ
649 2177 718 2254 τὸν
739 2179 895 2274 ἥμισυν·
929 2179 1005 2252 ἐστί
1030 2179 1067 2254 ‹i'
1095 2180 1114 2253 ὁ
1141 2192 1341 2282 παραλογι-

292 2303 384 2399 σμὸς
407 2307 446 2379 ἐν
464 2311 517 2401 τῷ
534 2303 576 2377 τὸ
593 2301 663 2400 μὲν
681 2303 782 2402 παρὰ
799 2301 1023 2400 κινούμενον
1039 2306 1082 2380 τὸ
1101 2306 1141 2381 tt
1158 2309 1241 2403 παρ’
1259 2309 1343 2403 nne-

288 2437 389 2525 μοῦν
404 2428 447 2502 τὸ
463 2434 547 2504 ἴσον
562 2430 722 2531 μέγεθος
740 2431 870 2514 ἀξιοῦν
886 2439 939 2528 τῷ
956 2436 1025 2528 ’ίσῳ
1042 2429 1145 2527 τάχει
1169 2432 1235 2508 τὸν
1257 2437 1339 2506 ’ίσον

289 2553 470 2651 φέρεσθαι
485 2551 641 2653 χρόνον
667 2565 778 2630 τοῦτο
796 2555 835 2630 δ’
855 2556 932 2629 ἐστὶ
950 2557 1106 2654 ψεῦδος·
1134 2559 1215 2633 οἷον
1232 2562 1343 2632 ἐστο)-

290 2703 362 2754 σαν
380 2681 414 2753 οἱ
432 2683 584 2765 ἑστῶτες
601 2687 673 2756 ἴσοι
692 2684 795 2784 ὄγκοι
814 2683 870 2778 ἐφ’
889 2676 945 2757 ὧν
962 2682 1008 2756 τά
1034 2682 1091 2776 (τὸ
1108 2681 1157 2777 Ε)
1182 2713 1232 2758 αα
1251 2686 1343 2778 (ααα

289 2801 409 2892 FHK,
438 2836 540 2880 αααα
558 2813 574 2879 1
593 2819 628 2880 et
646 2802 767 2904 Simpl.
794 2832 897 2904 quum
916 2810 949 2878 in
969 2809 1125 2881 lemmate
1143 2823 1214 2882 tum
1232 2813 1267 2882 in
1285 2837 1345 2908 pa-

288 2931 473 3028 raphrasi),
505 2935 540 3006 oi
563 2932 597 3008 ri*
622 2935 677 3032 ἐφ’
704 2927 760 3008 ὥν
787 2933 833 3006 τὰ
857 2935 937 3027 (om.
961 2932 1010 3025 E)
1035 2938 1092 3032 ββ
1116 2939 1160 3032 (β
1183 2934 1271 3008 ΗΙΚ
1310 2950 1344 3009 et

291 3053 412 3154 Simpl.
447 3085 479 3128 ιο
508 3059 680 3153 lemmate,
707 3061 820 3158 ββββ
847 3055 880 3130 F
907 3071 942 3130 et
967 3056 1087 3158 Simpl.
1112 3065 1145 3132 in
1176 3065 1346 3162 parapho.)

290 3181 488 3280 ἀρχόμενοι
509 3185 703 3281 (ἄρχονται
720 3183 770 3278 Ε)
797 3185 870 3259 ἀπὸ
897 3193 964 3259 τοῦ
981 3188 1098 3282 μέσου
1116 3198 1193 3264 τῶν
1210 3218 1234 3262 α
1252 3193 1345 3284 (τῶν

289 3339 312 3382 α
332 3336 397 3380 orn.
415 3307 516 3400 EHi)
542 3316 613 3385 ἴσοι
638 3311 706 3386 τὸν
730 3310 899 3408 ἀριθμὸν
924 3309 1070 3396 τούτοις
1096 3315 1199 3398 ὄντος
1220 3314 1343 3388 καὶτὸ

286 3436 462 3535 μέγεθος,
487 3437 521 3508 οἱ
547 3435 588 3510 ‹i'
614 3438 669 3534 ἐφ’
690 3431 745 3512 ὧν
762 3435 807 3510 τὰ
824 3465 874 3538 χχ
893 3441 938 3538 (χ
960 3433 992 3507 F
995 3434 1080 3510 HIK
1105 3453 1140 3510 et
1164 3437 1285 3537 Simpl.
1310 3441 1343 3510 in

288 3559 416 3646 ἐθάσι,
441 3590 540 3663 χχχχ
556 3557 679 3660 Simpl.
698 3564 732 3634 in
750 3562 837 3660 par.)
855 3547 928 3638 άπὸ
948 3572 1014 3638 τοῦ
1033 3562 1191 3660 ἐσχάτου
1209 3568 1345 3662 (τῶνβ

220 3694 222 3697 ’
289 3685 364 3757 add.
383 3683 415 3756 F
435 3700 469 3758 et
486 3685 685 3760 Alexander
701 3701 791 3762 toste
811 3686 931 3786 Simpl.
959 3692 993 3760 in
1021 3691 1223 3787 quibusdam
1243 3691 1344 3764 codd.

288 3813 431 3904 invenit)
460 3817 531 3888 ἴσοι
556 3814 623 3890 τὸν
652 3815 823 3912 ἀριθμὸν
852 3817 955 3898 ὄντος
984 3815 1129 3901 τούτοις
1155 3821 1342 3915 (transpon.

288 3933 393 4010 ΒΗΚ
411 3952 446 4010 et
464 3935 584 4036 Simpl.
603 3941 636 4010 in
656 3938 782 4031 lamro.)
800 3941 863 4014 καὶ
886 3941 929 4016 τὸ
952 3943 1113 4043 μέγεθος
1137 3945 1202 4017 καὶ
1218 3949 1344 4018 ἰσοτα-

285 4072 363 4159 χεῖς
380 4073 455 4158 τοῖς
468 4064 535 4162 (τῷ
546 4063 597 4160 K)
610 4067 653 4162 β·
673 4065 873 4163 συμβαίνει
892 4067 939 4162 δὴ
957 4068 1000 4142 τὸ
1015 4069 1202 4166 πρῶτονβ
1218 4071 1342 4161 (trans-

288 4217 367 4286 pon.
385 4187 434 4281 Ε)
458 4191 536 4287 ἅμα
561 4189 619 4264 ἐπὶ
635 4199 689 4288 τῷ
712 4189 854 4292 ἐσχάτῳ
878 4203 923 4295 (y
940 4191 1018 4264 add.
1037 4191 1088 4282 H)
1107 4193 1200 4267 εἶναι
1218 4193 1282 4266 καὶ
1299 4192 1341 4267 τὸ

288 4325 436 4414 πρῶτον
457 4345 483 4416 χ
508 4316 589 4412 (ἐπὶ
612 4325 665 4415 τῷ
691 4313 834 4416 ἐσχάτῳ
856 4320 886 4414 β
908 4317 984 4391 add.
1010 4316 1066 4408 H)
1089 4319 1175 4417 παρ’
1204 4321 1339 4416 ἄλληλα
