3054 5174
724 407 874 524 *rr-

277 632 460 705 Beklrerus
478 634 694 728 interpunxit,
712 632 776 703 sed
793 635 1009 718 verberantiae
1025 635 1100 734 γὰρ
1117 637 1222 710 ἕνεκα
1240 637 1323 710 ἔκα-

278 783 366 834 στον
383 758 513 828 sublata
532 761 660 829 maiore
684 759 959 854 interpunctione
982 772 1060 830 ante
1077 761 1177 843 τινὸς
1202 773 1236 832 et
1262 764 1323 832 mi·

278 909 360 954 nore
377 894 457 979 post
475 884 629 957 ἕκαστον
646 883 880 979 parenthetice
898 884 1098 962 summenda
1114 897 1215 994 sunt,o
1223 887 1268 956 ita
1286 897 1324 956 ut

277 1033 399 1079 sensus
420 1009 478 1078 sit:
514 1022 672 1104 quatenus
693 1017 800 1102 igitrar
818 1007 978 1108 physicus
1001 1011 1271 1099 etiamforrncm
1293 1025 1327 1080 et
1381 1033 1402 1074 ·.
1518 1083 1519 1130 p

276 1131 496 1230 desinitionem
511 1141 596 1202 scire
621 1129 736 1204 debet?
761 1161 808 1203 an
816 1135 926 1226 sorte,
948 1145 1155 1206 secutatione
1178 1137 1324 1206 median

275 1281 410 1328 neruum
433 1254 588 1350 etfeber
611 1285 680 1341 aes,
705 1257 912 1355 aliquatenus
937 1276 1065 1332 tantum
1089 1268 1217 1356 (omnia
1237 1270 1323 1332 mim

262 1385 351 1481 piatas
368 1383 539 1452 cniusdam
556 1409 660 1454 caena
675 1382 765 1474 sunt)
783 1398 817 1454 et
830 1394 866 1454 in
882 1394 924 1454 iis
941 1389 1099 1478 (metron)
1116 1383 1221 1471 rebrat,
1238 1398 1323 1483 quae

274 1518 428 1606 separari
444 1509 574 1604 quidem
581 1524 727 1605 possunt,
745 1511 834 1606 quod
841 1511 1121 1605 attinetformam,
1133 1521 1169 1582 iar
1179 1519 1323 1582 ameria

273 1659 349 1704 uero
371 1648 481 1704 tamen
504 1631 651 1704 haerent.
685 1631 753 1704 Ian]
782 1659 865 1706 vero
896 1637 998 1706 verba
1023 1638 1226 1733 ἄνθρωπος
1247 1637 1321 1737 γὰρ

275 1761 481 1855 ἄνθρωπον
497 1767 610 1856 γεννᾷ
628 1759 690 1832 καὶ
711 1759 811 1854 ἥλιος
836 1759 918 1858 quid
942 1762 1006 1834 sibi
1032 1761 1171 1833 volunt?
1198 1763 1321 1857 priora,

275 1887 476 1980 ἄνθρωπος
488 1884 695 1979 ἄνθρωπον
702 1894 829 1986 γεννᾷ,
848 1911 865 1956 a
885 1911 988 1958 sensu
1000 1913 1068 1958 uon
1087 1887 1215 1958 absona
1233 1897 1320 1970 sunt,

273 2035 349 2082 narn
367 2012 400 2080 in
419 2008 564 2080 hominis
581 2013 804 2106 generatione
821 2036 891 2081 uon
911 2011 1035 2084 sufficit
1052 2037 1143 2086 ruera
1154 2015 1321 2097 materies,

275 2161 376 2233 quum
395 2135 498 2206 homo
518 2159 558 2205 ex
578 2161 618 2206 ea
635 2148 705 2206 turn
725 2136 947 2223 domuerint,
965 2139 994 2208 si
1014 2137 1118 2208 forma
1136 2140 1321 2208 accesserit

272 2261 470 2350 humana*);
494 2258 685 2358 exemplum
703 2264 818 2359 itaque
836 2273 904 2346 est,
922 2261 1095 2358 quomodo
1113 2261 1219 2333 forma
1238 2261 1320 2332 defi-

273 2388 402 2457 nitione
421 2385 558 2483 quidem
577 2389 723 2482 separari
737 2389 861 2482 possit,
876 2388 909 2456 in
923 2390 1061 2458 materia
1072 2361 1184 2460 autern
1203 2387 1319 2460 inhae-

273 2536 348 2584 rere
366 2511 505 2597 debeat,
523 2553 573 2566 -—
591 2512 653 2584 sed
670 2512 774 2583 verba
792 2510 856 2586 καὶ
871 2511 970 2606 ἥλιος
987 2537 1089 2584 sensu
1106 2539 1244 2610 prorsus
1263 2538 1319 2583 ca-

272 2649 363 2721 rent,
387 2635 603 2733 Philoponus
621 2641 666 2710 ita
685 2638 848 2734 explicat,
873 2649 1030 2735 tanquam
1055 2637 1107 2708 sol
1131 2635 1165 2708 e't
1183 2639 1258 2734 ipse
1276 2637 1319 2708 ad

272 2776 392 2834 terram
424 2767 701 2862 appropinquans
735 2774 769 2833 et
800 2763 842 2833 ab
875 2785 914 2834 ea
944 2761 1112 2834 recedens
1146 2762 1318 2835 hominem

271 2891 414 2985 gignere
431 2891 551 2985 possit,
570 2913 656 2986 quae
675 2886 839 2984 gignendi
857 2889 907 2957 vis
925 2887 1008 2958 solis
1026 2889 1155 2958 etiamsi
1177 2891 1219 2960 ab
1238 2885 1318 2960 An-

271 3015 395 3087 stoteie
413 3017 491 3110 ipso
509 3013 556 3108 (d.
575 3039 652 3110 geo.
671 3026 705 3086 et
724 3039 811 3086 corre
825 3011 873 3098 ll,
894 3009 955 3101 10)
982 3011 1159 3099 doceatur,
1184 3014 1250 3084 hoe
1268 3025 1318 3084 ta·

271 3164 348 3211 men
367 3141 445 3212 ioco
469 3153 598 3210 tanturn
620 3141 719 3220 abest
738 3153 773 3212 ut
795 3137 923 3237 aliquid
940 3139 1079 3236 probet,
1102 3151 1140 3210 ut
1163 3138 1234 3209 sere
1258 3139 1317 3210 ab·

272 3265 410 3338 surdum
428 3268 487 3352 sit,
513 3290 587 3337 eam
613 3265 655 3337 ad
680 3265 767 3336 haec
793 3266 897 3336 verba
921 3263 1120 3360 explicanda
1138 3263 1319 3348 adhibere

271 3389 333 3464 sed
365 3389 536 3462 excidisse
567 3391 726 3461 nonnuiia
758 3391 858 3460 etiarn
890 3389 924 3460 in
946 3389 999 3460 bis
1025 3390 1137 3462 verbis
1161 3388 1320 3460 videntur

270 3523 428 3614 (propter
451 3517 726 3612 ‹iprotote‘tsvrov
747 3513 922 3603 sortasse),
947 3527 981 3586 et
1004 3516 1069 3586 hac
1094 3513 1166 3585 iere
1188 3517 1319 3586 ratione

272 3641 389 3713 iacuna
404 3639 585 3738 explenda:
604 3641 668 3716 καὶ
678 3641 778 3736 ἥλιος
790 3641 841 3736 μὴ
854 3639 1074 3738 θερμαίνων
1088 3641 1208 3715 οὐκέτι
1219 3640 1318 3735 ἣλιος

271 3768 326 3839 rel
351 3767 413 3841 καὶ
430 3767 529 3862 ἥλιος
549 3767 601 3863 μὴ
624 3777 669 3863 τῇ
693 3765 816 3864 κύκλῳ
839 3774 939 3864 φορᾷ
966 3763 1181 3863 κινσύμενος
1199 3765 1319 3839 οὐκέτι

270 3893 368 3988 ἥλιος
384 3893 439 3964 vel
456 3893 519 3967 καὶ
542 3892 641 3986 ἣλιος
663 3891 715 3987 μὴ
740 3891 951 3966 ἀνατέλλων
967 3889 1177 3966 καλλύνων
1197 3889 1317 3962 οὐκέτι

269 4018 383 4113 ἣλιος,
410 4043 552 4116 quorum
576 4019 724 4090 omnium
743 4016 814 4090 iere
834 4013 929 4088 idern
947 4042 1068 4090 sensus
1088 4016 1143 4088 hic
1160 4015 1263 4086 foret:
1287 4029 1320 4085 et

269 4197 468 4209 ..-...---—-—·

317 4299 346 4367 a)
366 4297 443 4351 Cont.
463 4297 487 4352 d.
505 4254 596 4367 gener.
615 4297 694 4352 enim.
709 4301 736 4364 1,
753 4292 788 4354 20
805 4313 844 4366 sq.
863 4303 891 4350 et
908 4297 944 4362 11,
963 4297 985 4352 t.
