3054 5174
772 437 821 513 36

739 545 868 554 *-

541 739 609 822 uu.
624 742 662 838 ⁴i,
685 761 714 821 ο.
731 739 769 838 4,
793 757 871 844 pag.
890 740 983 840 228,
1002 741 1054 823 13.

352 918 561 994 Aristoteics
586 933 767 1018 postquam
788 919 923 1006 docuit,
951 945 1019 1018 quo
1038 935 1199 1020 respectu
1218 935 1330 995 motus

272 1069 360 1118 unus
380 1045 448 1118 dici
466 1049 592 1143 possit,
611 1047 774 1145 ἀπορίαν
792 1045 907 1132 addit,
923 1073 1002 1118 num
1021 1050 1176 1145 corporis
1193 1048 1328 1122 habitus

271 1190 358 1244 unus
376 1195 583 1270 semperque
602 1171 693 1244 idem
712 1175 756 1244 sit
774 1197 901 1256 nccne;
927 1175 983 1270 qui
1004 1173 1101 1244 locus
1120 1199 1223 1272 quum
1242 1175 1330 1248 diiii-

274 1298 419 1370 cillimus
445 1300 489 1369 sit
516 1310 551 1369 et
575 1321 618 1369 cx
642 1302 802 1371 universo
828 1309 957 1370 tantum
980 1302 1222 1372 sententiarum
1242 1327 1330 1373 nexu

273 1421 451 1494 diiudicari
482 1427 609 1521 possit,
648 1435 756 1496 totum
785 1425 1016 1496 exscribamus
1042 1437 1179 1522 oportet
1203 1432 1248 1520 (v.
1267 1422 1329 1514 ·9):

272 1554 303 1623 el
322 1549 369 1644 δὴ
387 1549 410 1645 ἡ
430 1551 526 1644 αὐτὴ
544 1550 606 1624 καὶ
624 1549 692 1646 μία
709 1550 732 1645 ἡ
752 1552 872 1625 ἕωθεν
888 1549 951 1624 καὶ
969 1558 1040 1624 νῦν
1057 1550 1196 1653 ὑγίεια,
1214 1552 1331 1626 διὰτί

274 1676 344 1750 οὐκ
367 1675 418 1751 δν
440 1674 504 1750 καὶ
522 1675 615 1751 ὅταν
632 1675 815 1751 διαλιπιδν
837 1672 934 1772 λάβῃ
953 1673 1064 1750 πάλιν
1087 1675 1156 1772 τὴν
1172 1677 1329 1778 ὑγίειαν,

273 1800 336 1875 καί
366 1801 462 1896 αὕτη
490 1801 640 1896 κάκείνη
669 1801 737 1898 μία
770 1811 823 1900 τῷ
848 1803 1003 1898 ἀριθμῷ
1034 1801 1085 1878 δν
1107 1807 1180 1897 αἴνῃ
1212 1803 1329 1904 ὁγὰρ

274 1927 388 2011 αὐτὸς
405 1925 527 2027 λόγος·
547 1927 642 2023 πλὴν
659 1936 840 2004 τοσοῦτον
851 1927 1031 2024 διαφέρει,
1052 1927 1107 2000 ὅτι
1123 1933 1154 2002 ci
1167 1929 1223 2024 (αἱ
1235 1929 1331 2002 addit

275 2052 352 2124 cod.
369 2051 418 2145 F)
442 2053 512 2149 μὲν
532 2055 640 2146 (ἕξεις
663 2053 741 2125 add.
767 2053 843 2125 cod.
861 2051 908 2140 F)
937 2050 1006 2127 δύο
1015 2113 1024 2147 ,
1051 2053 1093 2126 τὸ
1116 2053 1179 2146 (δι’
1203 2054 1357 2128 ίιοοοοί

274 2177 375 2250 codd.
394 2177 425 2250 Ε
444 2175 497 2264 Η,
523 2176 539 2250 Ι
565 2181 706 2265 omittit)
730 2180 823 2253 αὐτὸ
841 2189 969 2273 τοῦτο,
997 2179 1047 2263 ὡς
1064 2180 1153 2281 (γὰρ
1177 2181 1254 2252 add.
1275 2181 1330 2270 H)

273 2313 327 2402 τῷ
345 2306 500 2403 ἀριθμῷ
516 2303 584 2402 μία
603 2307 779 2401 (omittunt
793 2304 824 2377 E
837 2303 900 2399 H),
920 2306 983 2380 καὶ
999 2307 1064 2390 τὰς
1077 2308 1163 2391 ἕξεις
1174 2304 1327 2407 ἀνάγκη·

273 2428 342 2526 μία
359 2431 433 2531 γὰρ
454 2433 610 2529 ἀριθμῷ
628 2432 791 2532 ἐνέργεια
808 2431 890 2515 ἑνὸς
907 2433 1079 2529 ἀριθμῷ·
1103 2439 1134 2506 εἰ
1158 2432 1192 2508 δ
1214 2433 1236 2528 ἡ
1261 2435 1328 2518 ἵξις

272 2555 361 2652 μία,
385 2561 477 2641 ἴσως
500 2558 570 2631 οὐκ
595 2559 644 2633 ἄν
660 2587 714 2655 τῳ
740 2555 859 2642 δόξειέ
881 2587 939 2630 πω
962 2556 1031 2653 μία
1050 2587 1112 2632 και
1129 2587 1151 2650 η
1170 2588 1330 2661 ενεμγεια

274 2681 382 2755 εἶναι·
406 2681 596 2782 ὅτανγὰρ
621 2680 807 2778 παύσηται
831 2682 1020 2780 βαδίζων,
1047 2686 1168 2758 οὐκέτι
1192 2686 1329 2781 ἑοιὶνὴ

271 2805 439 2903 βάδισις,
465 2804 576 2884 πάλιν
602 2807 642 2882 δὲ
659 2807 885 2905 βαδίζοντοςΙ
908 2811 1025 2882 ἔσται·
1051 2815 1082 2883 οὶ
1100 2810 1138 2884 δ’
1166 2808 1237 2888 οὖν
1260 2812 1329 2908 μία

274 2931 377 3029 καὶὴ
397 2933 504 3029 αὐτὴ,
524 2933 696 3028 ἐνδέχοιτ’
725 2933 774 3010 ἂν
790 2935 833 3008 τὸ
851 2935 1026 3010 αὐτὸκαὶ
1044 2938 1084 3012 ἓν
1099 2937 1162 3010 καὶ
1179 2937 1333 3035 φθείρε-

274 3061 367 3132 σθαι
384 3059 448 3134 καὶ
467 3060 560 3134 εἶναι
578 3056 760 3143 πολλάκις.
798 3057 986 3132 Conclusio
1007 3060 1128 3147 docet,
1147 3061 1330 3135 dubitatio-

274 3209 351 3255 nem
370 3186 477 3281 ipsam
498 3210 537 3256 ea
555 3183 685 3256 ratione
704 3186 808 3271 solvi,
832 3199 870 3257 ut
895 3187 1031 3260 habitus
1050 3191 1186 3285 saepius
1205 3193 1330 3286 repeti-

272 3320 348 3394 tus,
362 3334 565 3407 quamquam
585 3309 685 3396 idem,
703 3337 772 3382 non
792 3323 905 3383 tamen
923 3339 1011 3384 unus
1029 3315 1088 3398 sit;
1107 3329 1142 3385 et
1159 3315 1226 3385 hoc
1245 3341 1330 3412 quo-

273 3459 341 3532 quc
364 3413 476 3506 sensu
494 3438 536 3507 ab
560 3439 657 3508 initio
684 3449 804 3507 auctor
829 3436 994 3534 disputat:
1025 3449 1054 3509 α’
1077 3415 1240 3525 valendo,
1265 3471 1332 3540 quo

273 3561 350 3632 ιοίίι
366 3577 441 3632 ortu
444 3559 663 3656 fruebamur,
682 3577 716 3635 et
730 3591 785 3647 ea,
806 3591 874 3661 qua
890 3591 991 3647 ααιιο,
1009 3567 1124 3636 eadem
1141 3583 1199 3650 est,
1217 3571 1332 3666 quidni

270 3695 377 3780 egum
400 3697 500 3758 etium
530 3707 672 3786 tempore
699 3699 827 3760 interea
847 3690 1078 3788 praeterlapao
1105 3709 1240 3791 recepta
1263 3721 1333 3766 ακα

273 3813 452 3910 eodemque
468 3818 536 3885 cit?
553 3817 669 3885 οαοίοιιι
688 3824 774 3886 enim
790 3825 892 3898 ratim
911 3830 950 3886 at
965 3817 1082 3914 dg'ffm
1092 3857 1143 3870 -
1158 3821 1222 3888 iam
1240 3844 1331 3904 vero,

273 3961 360 4033 quae
379 3937 505 4009 abhinc
524 3951 722 4036 sequuntur,
741 3950 808 4009 tam
828 3953 986 4036 conrupta
1000 3943 1154 4014 laborant
1172 3944 1331 4031 lectione,

271 4073 310 4133 ut
327 4087 374 4132 ne
390 4088 527 4134 sensum
547 4064 686 4162 quidem
707 4089 826 4136 cnloco
843 4092 1041 4162 possemus,
1066 4071 1130 4140 nisi
1149 4065 1253 4140 altera
1272 4098 1330 4141 an-

272 4188 438 4260 titheseos
461 4215 539 4286 pars
563 4233 612 4243 —
638 4197 669 4265 ai
694 4191 729 4264 δ’
756 4191 867 4286 ἡῖξις
890 4193 975 4288 μία,
1001 4199 1089 4278 ἴσως
1112 4197 1181 4268 οὐκ
1206 4197 1255 4271 ἄν
1278 4227 1330 4294 τῳ

272 4311 390 4399 δόξειέ
404 4345 461 4389 πω
479 4315 548 4410 μία
566 4317 670 4412 καὶὴ
690 4310 852 4418 ὲνὲογαα
871 4317 962 4394 εἶναι
981 4361 1026 4373 -
1047 4319 1157 4392 lucem
1177 4321 1328 4398 afferret:
