3054 5174
419 757 488 842 ur.
506 759 547 856 V,
572 761 660 869 ut,
683 775 762 862 με.
780 757 868 856 229,
893 755 930 858 t,
953 761 1014 842 20.

265 937 365 1011 Initio
398 939 498 1010 huius
532 940 653 1036 capitis
683 935 889 1010 Aristoteles
923 919 1150 1027 enarraverit,
1194 945 1252 1039 qui

192 1079 305 1140 motus
327 1066 393 1136 sibi
415 1067 574 1136 contrarii
598 1067 680 1148 sint,
705 1064 769 1135 sub
794 1063 895 1134 finem
923 1089 1004 1136 vero
1033 1063 1252 1156 demonstrat,

193 1220 266 1264 cum
282 1206 410 1274 nutum,
428 1199 485 1288 qui
501 1199 537 1261 in
554 1191 789 1288 mediumfiut,
807 1205 966 1288 tunquam
982 1206 1104 1263 motum
1118 1202 1157 1264 ἐτι
1174 1219 1251 1265 con-

192 1317 452 1412 trum'ufactum
469 1317 687 1388 iudicandum
704 1343 772 1386 ecce
789 1325 824 1386 iu
841 1325 883 1386 iic
896 1313 1000 1400 reboo,
1018 1343 1159 1414 quarum
1174 1347 1251 1390 con-

193 1451 311 1512 trariis
334 1443 477 1512 medium
500 1441 638 1539 atqcue}
656 1451 787 1512 intecit
806 1445 852 1532 (v.
872 1439 951 1534 ilfi:
980 1442 1047 1526 τοὶς
1073 1442 1110 1518 d’
1135 1447 1186 1528 ελς
1207 1445 1251 1518 τὸ

193 1567 332 1664 μεταξὺ
350 1563 519 1662 κινήσεις,
539 1566 638 1650 ὅσοις
655 1576 733 1643 τῶν
748 1566 930 1643 ἐναντίων
947 1569 1023 1642 ἐστὶ
1033 1569 1185 1666 μεταξὺ,
1202 1570 1230 1644 οέ
1234 1602 1252 1654 ς

194 1699 244 1777 εἰς
265 1693 415 1768 ἐναντία
436 1722 514 1775 πως
529 1693 673 1786 θετέον,
685 1695 736 1746 ἓ·-
749 1695 845 1765 cuius
857 1696 907 1766 rei
921 1719 1054 1765 causam
1067 1695 1153 1766 hoec
1166 1721 1250 1767 con-

193 1821 318 1890 tinent:
351 1819 402 1902 ὡς
426 1817 584 1916 ἐναντίῳ
601 1818 674 1919 γὰρ
690 1827 824 1916 χρῆται
841 1829 895 1918 τῷ
911 1821 1051 1916 μεταξὺ
1068 1821 1091 1915 ἡ
1109 1821 1251 1916 κίνησις

194 1945 249 2042 ἐφ’
279 1942 435 2041 ὁπότερα
468 1945 517 2020 ἂν
541 1942 756 2042 μεταβάλλῃ
789 1945 869 2020 οἷον
901 1975 934 2020 κ.
962 1977 991 2019 τ.
1019 1955 1046 2018 λ.
1080 1949 1250 2045 (sequitur

197 2071 384 2166 exemptum
421 2095 441 2140 c
475 2071 650 2142 coloribus
684 2070 900 2168 sumptum);
942 2070 1068 2143 deinde
1103 2073 1250 2167 legimus

195 2199 240 2289 (v.
268 2192 343 2285 19);
372 2195 414 2270 τὸ
439 2196 513 2297 γὰρ
538 2197 653 2293 μέσον
680 2197 772 2294 πρὸς
806 2194 978 2293 ἑκάτερον
1004 2195 1248 2298 λέγεταίπως

192 2329 269 2395 ταῖν
292 2323 419 2418 ἄκρων
441 2319 614 2420 καθάπερ
639 2327 777 2421 εἴρηται
801 2320 1068 2420 καὶπρότερον
1093 2325 1112 2394 i.
1135 2348 1163 2394 e.
1181 2351 1249 2394 mc-

193 2449 284 2518 dium
300 2456 388 2517 enim
402 2445 523 2519 habitu
538 2476 666 2547 suuper
681 2457 812 2518 ratione
828 2457 996 2546 ιιλνέιιομιιι
1010 2458 1151 2519 extremi
1163 2477 1248 2519 nun-

192 2587 342 2670 cupatur,
359 2587 515 2672 utsupra
532 2576 691 2656 dicimo,
710 2611 756 2626 -
777 2571 860 2672 quid
881 2585 994 2644 autem
1013 2572 1093 2644 inde
1111 2573 1248 2671 profici-

193 2723 277 2782 ιοοε,
293 2696 387 2794 quod
405 2698 579 2786 docemur,
596 2699 639 2773 τὸ
656 2700 771 2794 μέσον
788 2707 865 2774 τῶν
875 2695 967 2797 πρός
978 2729 1012 2774 τι
1025 2699 1130 2792 εἶναι,
1144 2725 1247 2798 quum

192 2824 492 2918 argumentationis
517 2823 619 2894 cordo
645 2827 678 2895 in
705 2850 746 2896 eo
773 2836 943 2910 versetur,
971 2837 1009 2896 ut
1039 2824 1188 2896 medium
1213 2838 1248 2897 et

194 2950 302 3044 ipsum
321 2949 366 3020 sit
389 2951 617 3022 contrarium?
638 2947 744 3022 Certe
762 2953 879 3047 itaque
896 2975 963 3021 vox
981 2949 1152 3025 ἐναντίον
1169 2962 1248 3022 ante

192 3073 330 3173 λέγεται
351 3073 495 3160 excidit,
513 3102 588 3146 nam
607 3088 676 3147 turn
698 3075 834 3148 demum
854 3101 893 3147 ea
913 3103 1012 3173 quarn
1030 3088 1149 3148 auctor
1165 3075 1248 3150 vult,

192 3199 368 3271 conclusio
387 3199 518 3297 prodit,
541 3201 610 3297 τὴν
633 3207 682 3284 εἷς
700 3201 741 3274 τὸ
758 3201 897 3298 μεταξέ
915 3201 1061 3297 κίνησιν
1079 3202 1172 3276 εἶναι
1190 3201 1248 3276 κί-

192 3351 301 3418 νησιν
321 3331 371 3408 εἰς
389 3326 548 3401 ἐναντία.
573 3325 734 3412 Accedit,
753 3327 847 3425 quod
864 3324 923 3399 ilio
942 3329 1032 3414 loco,
1051 3353 1153 3426 quem
1170 3351 1247 3399 ver·

192 3450 245 3520 bis
259 3447 432 3549 καθάπερ
448 3457 587 3550 εἴρηται
601 3451 783 3551 πρότερον
797 3456 946 3551 respicit,
960 3453 995 3524 id
1009 3456 1119 3550 ipsum
1133 3453 1248 3540 docet,

188 3576 332 3646 medium
349 3603 416 3646 ecce
433 3589 636 3648 contrarium
654 3576 713 3672 (V,
739 3578 776 3666 1,
800 3605 832 3676 p.
847 3576 942 3665 224,
966 3580 1007 3664 b,
1035 3576 1115 3672 30):
1141 3585 1181 3654 ἐκ
1205 3579 1246 3654 do*

189 3709 256 3774 τοῦ
266 3701 407 3797 μεταξὺ
416 3701 652 3800 μεταβάλλει·
673 3714 808 3802 χρῆται
820 3705 896 3806 γὰρ
908 3707 1012 3803 αὐτῷ
1023 3705 1074 3788 uic
1087 3705 1245 3804 ἐναντίῳ

190 3826 268 3900 ὄντι
287 3825 379 3921 πρὸς
396 3824 583 3925 ἑκάτερον·
602 3832 676 3904 ἐστι
693 3827 767 3930 γάρ
782 3861 859 3914 παις
870 3829 912 3904 τὸ
923 3829 1063 3926 μεταξὺ
1075 3829 1121 3904 τὰ
1134 3831 1244 3927 ἄκρα·

190 3949 249 4024 διὸ
283 3949 359 4024 καὶ
397 3961 532 4028 τοῦτο
574 3955 682 4052 πρὸς
723 3960 871 4031 ἐκεῖνα
897 3957 1093 4031 Ιιιοίιιεῖνα
1135 3956 1245 4054 πρὸς

189 4083 322 4150 τοῦτο
348 4077 640 4179 λέγεταίπως
666 4080 858 4155 ἐναντία.
