3054 5174
768 427 818 506 20

266 664 374 752 σῶμα
390 659 433 729 όν
449 651 564 751 τόπῳ,
584 652 778 731 ἀδύνατον
795 659 868 753 ἄρα
884 659 1037 752 ἄπειρον
1047 655 1142 732 εἶναι’
1155 687 1187 730 τι
1201 665 1322 754 σῶμα·

267 781 389 878 ὥσπερ
416 779 490 882 γὰρ
515 777 603 855 οὐδὲ
634 780 752 856 ποσόν
776 779 857 857 οἷόν
879 783 916 855 τ’
936 781 1029 856 εἶναι
1054 784 1074 856 ὃ
1098 782 1151 878 μὴ
1176 780 1324 867 πόντως

267 904 432 984 unciani
446 910 533 999 ἐστι,
553 905 650 1004 φημὶ
661 905 701 980 δὲ
715 905 887 1003 όίπηχυῆ
904 907 1075 1004 τρίπηχυ,
1094 908 1213 994 οὕτως
1231 910 1325 985 οὐδ’

268 1037 317 1110 όν
337 1031 460 1131 τόπῳ
485 1028 566 1108 οἶόν
583 1033 619 1105 τ’
639 1031 752 1125 εἶναι,
772 1033 792 1106 ό
809 1029 862 1128 μή
879 1031 953 1108 πού
971 1038 1064 1128 ἐστι,
1083 1033 1234 1136 λέγωδὲ
1253 1043 1326 1110 ποῦ

268 1159 350 1235 οἷον
364 1159 409 1234 τὸ
427 1157 546 1253 ἄνωῆ
565 1157 607 1232 τό
625 1156 743 1232 κάτω·
763 1157 783 1232 ὃ
801 1157 842 1234 δὲ
859 1158 911 1255 μὴ
928 1159 1113 1254 ἐνδέχεται
1132 1159 1227 1237 εἶναι’
1240 1191 1325 1256 που,

267 1293 379 1360 τοῦτο
395 1281 687 1380 οὐδόὲνόόχεται
700 1287 741 1360 ἐν
752 1281 855 1382 τόπῳ
865 1283 1045 1379 εἶναι),’-
1065 1297 1187 1372 tameo,
1206 1312 1325 1386 quem·

268 1409 453 1483 admodum
476 1412 576 1482 etiam
603 1405 802 1506 Simplicius
828 1423 863 1482 et
889 1408 1119 1497 Themistiua‚
1147 1437 1327 1508 argumen-

270 1539 409 1610 tationis
427 1535 601 1608 cardinem
619 1537 654 1606 in
672 1561 715 1608 eo
733 1539 859 1608 versari
877 1548 988 1634 putat,
1007 1549 1045 1608 nt
1063 1539 1238 1634 probetur,
1256 1539 1328 1612 iufi-

269 1665 378 1736 nitum
405 1663 538 1733 nonin
566 1664 705 1758 spatio
739 1687 833 1734 essa
862 1688 982 1760 possm
1013 1688 1133 1734 omnes
1162 1665 1252 1734 enim
1284 1667 1330 1736 ito

271 1789 456 1887 erpiicaut,
481 1801 640 1886 tanquam
662 1801 860 1884 argumenta
884 1789 949 1860 bac
974 1792 1105 1862 ratione
1131 1787 1326 1862 decurrant:

269 1915 312 1990 τό
330 1917 372 1991 ἐν
387 1911 491 2011 τόπῳ
509 1912 572 1988 καὶ
590 1913 633 1987 τό
651 1923 724 1988 ποῦ
742 1912 877 1989 ταύτό·
900 1915 943 1991 τό
961 1913 1001 1990 δὲ
1019 1924 1092 1990 ποῦ
1110 1919 1150 1990 ἐν
1165 1923 1234 2013 μιᾷ
1252 1925 1329 1992 τῶν

270 2045 307 2127 ἓξ
323 2037 566 2133 διαστάσεων,
587 2033 643 2116 ὧν
660 2037 794 2134 ἑκάστη
811 2042 924 2136 πέρας
940 2040 977 2115 τί
994 2047 1086 2116 ἔστι·
1104 2039 1147 2116 τό
1159 2050 1233 2116 ποῦ
1254 2044 1328 2141 ἄρα

269 2167 382 2265 πέρας
398 2169 486 2262 ἔχει·
512 2166 575 2240 καὶ
600 2167 643 2241 τὸ
669 2171 709 2242 ἐν
725 2163 829 2264 τόπῳ
854 2167 928 2263 ἄρα
946 2167 1038 2263 (ἐπεὶ
1055 2164 1174 2242 ταύτό
1191 2171 1266 2242 ἔστι
1283 2169 1325 2243 τό

270 2297 311 2370 όν
327 2289 430 2391 τόπῳ
446 2291 510 2366 καὶ
526 2292 569 2366 τό
587 2294 677 2386 ποῦ)
694 2293 806 2390 πέρας
823 2295 912 2387 ἔχει·
932 2293 953 2366 ὃ
971 2290 1011 2368 δὲ
1029 2293 1143 2390 πέρας
1159 2295 1241 2388 ἔχει,
1260 2323 1325 2368 πο-

271 2417 340 2496 σόν
361 2418 398 2494 τό
420 2423 512 2493 ἐστι·
544 2418 586 2494 τό
611 2423 652 2494 ἐν
674 2416 775 2516 τόπῳ
799 2420 873 2517 ἄρα
897 2414 1016 2493 ποσόν
1036 2417 1073 2492 τί
1096 2421 1188 2494 ἔστι·
1218 2418 1260 2494 τό
1285 2417 1325 2494 rio*

270 2548 424 2645 όπαρον
441 2545 486 2619 οὐ
502 2541 639 2620 ποσόν·
666 2546 735 2620 οὐκ
758 2547 834 2642 ἄρα
860 2543 902 2620 τό
921 2546 1074 2642 ἄπειρον
1092 2547 1133 2620 ἐν
1149 2541 1271 2643 τόπῳ·
1296 2549 1328 2620 εἰ

269 2673 343 2775 γὰρ
361 2674 461 2746 ἔσται
480 2674 521 2745 ἐν
537 2667 650 2768 τόπῳ,
669 2669 788 2746 ποσόν
804 2699 839 2746 τι
859 2671 931 2767 ἤδη
949 2674 1060 2745 ἔσται.
1098 2667 1198 2742 Haec
1215 2683 1328 2743 autem

269 2797 509 2897 primumcum
526 2797 642 2868 verbis
660 2796 945 2874 antecedentibus
970 2822 1039 2868 non
1066 2809 1261 2894 congruunt
1281 2839 1326 2854 -

270 2925 397 3008 ἅπλῶς
411 2923 450 3000 δ’
469 2927 503 2996 εἰ
515 2919 712 2999 ἀδύνατον
728 2920 845 3000 τόπον
861 2926 1015 3020 ἄπειρον
1032 2923 1125 2998 εἶναι
1134 2981 1144 3018 ,
1169 2927 1210 2999 ἐν
1226 2919 1328 3020 τόπῳ

270 3049 312 3128 δὲ
329 3059 405 3126 πᾶν
424 3057 548 3146 σῶμα,
574 3046 767 3126 ἀδύνατον
789 3047 945 3146 ἄπειρόν
958 3079 996 3123 τι
1022 3049 1115 3124 εἶναι
1134 3058 1243 3146 σῶμα
1261 3091 1326 3142 -‚

271 3179 395 3276 quibus
412 3173 680 3248 demonstratum
699 3189 769 3256 est,
788 3175 857 3248 fieri
878 3202 945 3248 non
965 3201 1086 3272 posse,
1109 3187 1146 3246 ut
1163 3174 1328 3245 infinitum

271 3305 431 3376 existat
448 3345 495 3358 -
515 3298 720 3396 ἀδύνατον,
748 3302 864 3378 εἶναι
889 3302 932 3375 τό
955 3303 1110 3398 ἄπειρον
1125 3330 1194 3388 -‚·
1220 3301 1248 3370 si
1266 3301 1329 3371 ita-

272 3453 341 3527 que
359 3432 393 3499 in
411 3429 637 3526 sequentibus
654 3428 857 3523 probaretur
874 3438 1019 3512 tantum,
1037 3425 1108 3498 [ieri
1127 3451 1196 3496 non
1214 3451 1330 3522 posse,

270 3553 482 3626 utinbaibum
500 3555 539 3624 in
559 3555 702 3650 spatio
721 3555 1013 3650 sit,postremum
1028 3554 1330 3648 argumentationis

270 3681 458 3756 mombmm
479 3704 521 3751 arr
539 3691 653 3751 mente
671 3678 898 3776 supplendum
915 3690 1024 3750 esset:
1044 3680 1121 3776 quia
1139 3680 1244 3774 igitur
1259 3703 1328 3749 non

272 3808 306 3878 in
330 3809 440 3903 spatio
469 3831 547 3878 esse
576 3816 694 3901 potest
718 3805 898 3890 infinitum,
931 3806 1068 3877 omnino
1100 3830 1169 3876 non
1197 3805 1329 3896 existit3

271 3931 399 4004 deinde
418 3931 534 4003 obsint
551 3933 652 4002 etiam
670 3931 908 4028 particularum
928 3957 1010 4003 usus
1027 3930 1118 4005 ἀλλὰ
1132 3929 1220 4026 μὴν,
1240 3956 1328 4027 quac

271 4057 363 4156 apud
386 4055 610 4130 Aristotelem
634 4055 843 4152 significant,
867 4056 996 4154 aliquid
1022 4056 1192 4153 prioribus
1217 4056 1327 4128 simile

272 4187 337 4256 iam
349 4182 488 4279 adiungi
502 4186 629 4278 (aarum
643 4193 742 4258 etiam
754 4185 796 4254 id
803 4184 1006 4255 acceditseu
1018 4208 1131 4252 nermo
1144 4191 1246 4254 eriam
1260 4180 1327 4256 hcc

271 4319 400 4382 rarione
416 4308 667 4402 iatelb'giear-
685 4308 776 4384 ἀλλὰ
793 4308 869 4403 μὴν
886 4307 949 4383 καὶ
967 4301 1039 4406 picis
1058 4309 1326 4398 σκεπτέονὸ-Ἳ)
