3054 5174
715 416 763 493 51

668 519 818 526 .----·---—

211 661 314 745 atque
339 646 389 716 sic
420 640 555 714 demum
581 643 826 738 τὸπρῶτον
856 645 886 738 β
915 651 951 714 et
976 641 1018 716 τὸ
1044 648 1270 742 πρῶσσνγ

211 773 291 868 ἅμα
309 769 367 846 ἐπὶ
385 777 437 868 τῷ
455 764 598 865 ἐσχάτῳ
616 767 709 861 ἐσσὶ,
736 770 879 864 primum
907 769 1043 863 enimsi
1067 779 1102 838 et
1124 769 1270 864 primum

210 928 235 999 y
261 923 301 968 ea
325 907 427 998 sunt,v
453 895 578 992 quibus
602 893 761 970 lineolam
788 905 1012 966 transversam
1038 895 1271 990 imposuimus,

213 1050 317 1122 quum
340 1021 383 1094 τὸ
407 1028 556 1116 πρώιον
574 1018 610 1090 id
634 1021 693 1104 sit,
717 1018 811 1100 ὅθεν
829 1019 981 1116 ἄρχεταί
998 1049 1051 1112 τι,
1079 1020 1271 1116 corporali

213 1161 325 1220 autem
343 1175 362 1218 a
382 1143 495 1218 medio
515 1146 708 1241 inceperint
724 1157 759 1216 et
773 1170 918 1242 corpora
935 1172 991 1246 yar
1007 1145 1082 1222 fine.
1108 1140 1270 1241 Sequuur

212 1247 633 1366 tur'verbarovpsdaivar
658 1269 706 1364 δὴ
731 1269 833 1364 (haec
864 1272 953 1342 enim
980 1270 1083 1342 lectio
1107 1269 1204 1352 alteri
1229 1268 1270 1348 di

214 1395 436 1496 praeferenda
454 1397 549 1486 esst)
573 1395 615 1470 τὸ
641 1424 666 1496 y
691 1396 793 1493 παρὰ
818 1391 940 1474 πάνια
958 1395 1004 1470 σὰ
1021 1400 1051 1492 β
1068 1395 1270 1490 διεξεληλυ-

214 1526 341 1618 θέναι,
367 1522 413 1596 ιὰ
431 1520 471 1596 di
489 1523 518 1617 β
536 1519 638 1618 παρὰ
657 1520 703 1594 ad
720 1516 835 1618 ἡμίση
852 1522 872 1592 i.
892 1545 920 1592 e.
938 1548 1079 1620 corpora
1095 1536 1271 1621 ypraeter

213 1659 326 1722 amaia
343 1651 372 1744 β
380 1656 638 1747 praeterierunt,
657 1672 798 1745 corpora
813 1648 843 1744 β
859 1673 935 1718 vero
941 1662 1081 1746 praeter
1096 1649 1270 1723 dimidium

213 1789 342 1846 tantiam
358 1799 545 1856 numeram
574 1774 618 1844 ita
638 1774 727 1845 enim
745 1772 848 1846 verba
866 1773 912 1846 τὰ
930 1772 1064 1869 ἡμίση,
1083 1776 1148 1846 nisi
1165 1771 1270 1846 adda-

213 1915 324 1994 tura,
355 1897 556 1996 explicanda
583 1909 715 1982 esserra
740 1896 804 1968 sed
828 1923 931 1995 quum
957 1901 991 1970 in
1016 1900 1130 1975 verbis
1147 1896 1270 1980 πάνια

214 2026 260 2100 τὰ
278 2028 307 2121 β
325 2027 472 2122 optimus
492 2022 601 2096 codex
619 2021 651 2094 E
670 2023 847 2094 articulum
867 2026 1010 2110 omittat,
1029 2024 1140 2098 littera
1157 2035 1270 2096 autem

213 2153 243 2247 β
267 2154 340 2248 ipsa
364 2150 524 2222 iectionis
550 2151 712 2222 varietate
737 2145 810 2242 (alii
834 2152 924 2222 enirn
950 2149 1051 2222 codd.
1076 2151 1206 2225 habeut
1229 2151 1271 2238 α)

211 2288 371 2374 suspecta
385 2275 562 2363 reddatur,
574 2276 680 2350 verba
692 2275 739 2349 τὰ
755 2278 788 2403 β.
802 2277 915 2374 spuria
927 2275 1139 2365 iudicamus,
1153 2277 1264 2376 qualia

156 2447 160 2456 ι
215 2404 340 2476 talibus
358 2402 445 2474 loeis
463 2403 662 2499 saepissime
680 2428 699 2474 a
717 2402 861 2474 librariis
879 2404 1133 2490 inserebantur,
1147 2429 1209 2500 pro
1227 2402 1269 2478 τὸ

216 2541 368 2630 yautem
386 2539 529 2625 propter
546 2523 687 2600 aiterum
710 2527 925 2610 antitheseos
942 2530 1131 2614 membrum
1149 2528 1210 2625 (τὰ
1229 2528 1269 2604 δὲ

215 2659 259 2752 β)
278 2681 320 2726 ex
337 2655 476 2750 optimis
495 2651 595 2725 codd.
612 2650 663 2724 EI
679 2653 725 2726 τὰ
742 2683 768 2754 y
784 2655 969 2751 recipimus
984 2680 1088 2728 sensu
1101 2653 1182 2728 inde
1201 2681 1270 2729 nou

216 2793 361 2867 mutato,
383 2791 421 2852 ut
445 2779 530 2850 haee
555 2781 588 2850 in
608 2779 699 2850 hunc
719 2779 857 2852 modum
875 2783 1044 2854 restituta:
1069 2779 1270 2877 συμβαίνει

216 2908 264 3003 δὴ
281 2907 327 2982 τὰ
344 2935 369 3007 y
386 2906 488 3003 παρὰ
506 2903 630 2980 πάνια
647 2904 941 3000 διεξεληλυθέναι
952 2966 962 3001 ,
990 2907 1036 2982 τὰ
1054 2905 1095 2982 dd
1116 2909 1146 3003 β
1168 2905 1270 3004 παρὰ

216 3034 261 3108 σὰ
279 3032 394 3129 ἡμίση
415 3072 465 3084 -
490 3031 581 3102 hune
604 3033 769 3128 optimum
793 3033 982 3128 praebeant
1007 3057 1162 3106 sensum:
1189 3031 1270 3104 inde

216 3161 266 3245 iit,
283 3173 327 3232 ut
346 3183 532 3257 corporay
551 3169 685 3254 praeter
703 3160 814 3228 omnia
832 3160 937 3256 (quae
955 3184 1002 3230 sc.
1021 3157 1270 3256 praetereunda

215 3285 616 3380 tuerant)praeterieriut‚
625 3308 768 3380 corpora
778 3287 808 3380 β
819 3297 931 3366 autem
943 3297 1082 3381 praeter
1092 3283 1269 3358 dimidium

218 3423 354 3483 tantum.
376 3409 499 3506 Pergit
516 3421 649 3482 auctor:
668 3408 761 3484 ὥσιε
779 3410 918 3506 ἥμισυν
934 3410 1027 3486 εἶναι
1040 3412 1107 3488 σὸν
1116 3409 1268 3510 χρόνον,

218 3543 300 3613 ἰ’σσν
316 3536 389 3637 γὰρ
407 3532 581 3634 ἑκάτερόν
598 3540 673 3610 ἐσσι
691 3538 775 3634 παρ’
795 3538 951 3615 ἕκαστον
967 3578 1017 3590 -
1034 3539 1054 3608 i.
1073 3562 1101 3608 e.
1126 3539 1204 3610 inda
1219 3565 1268 3608 se-

217 3673 342 3762 quitur,
373 3671 533 3734 autetiam
558 3663 978 3760 dimidiunraitetiprum
1000 3678 1138 3762 tempus,
1172 3690 1269 3760 quum

217 3806 388 3886 utrumque
415 3791 458 3878 (ι’.
480 3818 509 3868 ι.
533 3815 691 3890 coapata-y
715 3804 748 3860 et
771 3816 889 3888 corpms
911 3791 959 3884 β)
985 3789 1123 3886 aequale
1145 3805 1270 3888 tempus

284 4045 462 4117 *)1ta,v‚2‚
481 4063 507 4116 p.
517 4045 624 4110 226,ae
641 4047 701 4100 ἐπεὶ
719 4048 749 4100 δὲ
766 4046 794 4098 in
813 4049 872 4102 luat
890 4045 925 4113 δὴ
942 4047 1098 4100 mutandum
1116 4052 1171 4110 est;
1189 4063 1269 4118 pror-

220 4156 265 4192 sus
282 4141 373 4210 inepte
392 4155 458 4192 vero
477 4138 613 4210 particula
631 4139 665 4206 δὴ
683 4139 776 4209 posita
794 4148 837 4192 est
853 4140 912 4204 Vll,
928 4139 956 4204 1,
975 4157 1001 4210 p.
1013 4139 1076 4204 242,
1089 4141 1133 4204 19,
1152 4140 1198 4192 ubi
1216 4155 1267 4209 pro

222 4233 313 4285 verbis
331 4236 362 4288 οὐ
380 4235 414 4302 δὴ
433 4241 470 4296 aia
488 4230 603 4305 ι’έπιιρον
620 4230 727 4302 ιιιιόιισι
745 4234 814 4286 duce
833 4233 929 4287 codice
947 4233 985 4299 fl,
1011 4233 1056 4304 qui
1074 4233 1190 4305 praebet
1210 4235 1267 4290 οὐκ.

221 4325 362 4396 legendum
380 4335 422 4383 est
440 4329 489 4384 οὐκ
507 4334 543 4389 εἰς
561 4325 676 4398 ἄπειρον
693 4329 723 4384 δὲ
742 4326 857 4398 πρόεισι.
