3054 5174
675 402 752 515 ⁸ol

204 658 318 731 neque
336 661 354 704 a
372 631 571 728 Philopono
591 653 703 726 neque
729 656 747 698 a
766 625 947 725 Simplicio
973 630 1199 726 explicantur,
1224 642 1259 700 et

204 758 296 856 apud
319 758 428 829 solum
455 755 670 853 Simplicium
696 757 729 826 in
755 755 912 826 lemmate
938 754 1097 851 leguntur·
1113 780 1259 852 praepo-

205 887 271 956 sito
297 883 684 956 vocabulo'llslslllZ.
721 878 801 951 Hoc
825 881 982 977 exemplo
1008 884 1261 978 cognoscimus,

207 1010 381 1108 quomodo
400 1010 465 1080 illis
485 1010 587 1093 locis,
613 1007 738 1105 quibus
761 1006 856 1102 plura
880 1009 979 1078 unius
997 1011 1044 1078 rei
1064 1019 1261 1104 argumenta

205 1135 400 1220 afferantur,
425 1135 488 1206 alia
506 1135 606 1206 laoile
631 1135 770 1240 insuper
796 1160 813 1204 a
833 1133 975 1206 librariis
993 1134 1049 1206 vel
1068 1137 1262 1231 interpreti·

208 1263 270 1332 bus
296 1261 409 1332 addita
434 1264 511 1336 sint.
551 1259 618 1351 (At
642 1259 728 1330 haec
752 1258 866 1354 glossa
892 1285 935 1331 ne
960 1287 1096 1332 sensum
1123 1260 1262 1358 quidem

207 1388 367 1483 praebet,
394 1413 497 1485 quum
516 1387 588 1482 ipsa
608 1385 693 1456 male
713 1385 822 1456 lacera
842 1396 876 1456 et
895 1398 1055 1483 corrupta
1080 1389 1113 1456 in
1134 1398 1263 1458 textum

207 1516 397 1610 irrepserit;
423 1515 568 1609 primum
587 1537 649 1608 pro
669 1512 728 1586 δεῖ
743 1508 928 1607 legendum
947 1511 1035 1583 loret
1053 1511 1142 1598 ἔδει,
1159 1517 1263 1584 verba

208 1665 290 1710 vero
316 1645 347 1712 εῖ
363 1635 459 1735 ἦσαν
477 1641 511 1712 οἱ
537 1636 667 1733 ἰχθύες
686 1637 832 1735 σιδηροῖ
847 1663 986 1733 prorsus
1003 1638 1149 1710 absurda
1168 1652 1265 1721 sunt,

210 1780 304 1836 certe
323 1768 430 1848 enim,
450 1766 579 1835 etiamsi
597 1765 713 1861 pisces
731 1765 828 1834 aenei
849 1775 976 1850 essent,
994 1763 1073 1835 ideo
1092 1791 1160 1840 non
1179 1792 1265 1863 aqua

208 1918 351 1962 vacuum
371 1888 542 1987 quoddam
561 1889 749 1974 videretur,
774 1916 876 1987 quum
903 1916 1014 1988 aequo
1039 1893 1111 1964 iure
1135 1891 1266 1988 lapides

210 2021 243 2088 in
271 2015 374 2088 luntlo
401 2041 509 2114 aquae
534 2019 686 2088 iacentes
709 2041 772 2112 pro
798 2017 952 2111 piscibus
976 2019 1091 2088 aeneis
1123 2020 1266 2113 cogitari

210 2155 363 2240 possent,
381 2183 430 2196 --
449 2142 512 2213 sed
530 2167 651 2214 sensus
669 2141 829 2238 postulat,
847 2152 885 2212 ut
899 2153 1114 2229 monstretur,
1132 2153 1174 2214 iis
1191 2154 1266 2216 ani-

208 2265 387 2352 mantibus,
409 2296 494 2367 quae
519 2279 555 2340 ιἰι
578 2277 816 2366 αηααοῖσαιιλ,
840 2293 963 2364 aquom
987 2269 1103 2340 eadem
1129 2277 1266 2352 ratione,

211 2424 277 2494 ηιια
293 2393 385 2466 nobis
401 2406 526 2477 αῖλοιιι,
550 2404 684 2466 inanem
702 2391 859 2468 alarcila
876 2424 910 2466 τι
928 2395 1052 2478 uidem
1080 2391 1158 2466 talis
1184 2420 1267 2466 vero

211 2547 332 2592 sensus
352 2519 551 2605 efficeretur,
570 2522 599 2591 si
618 2532 695 2591 ante
714 2517 844 2615 ἰχθύες
862 2532 1006 2617 quatuor
1024 2520 1152 2592 litteras
1170 2547 1268 2617 prae-

213 2645 378 2717 cedentes
413 2674 512 2720 ανοι
548 2656 741 2742 repetamus
768 2658 802 2716 et
826 2661 906 2742 post
923 2643 1054 2740 ἰχθύες
1071 2647 1269 2742 particulam

211 2772 233 2867 ἢ
253 2775 455 2843 inseramus:
481 2776 512 2844 ελ
536 2768 634 2865 ἦσαν
652 2773 686 2846 οἱ
705 2774 901 2870 ἄνθρωποι
922 2769 1052 2866 ἰχθύες
1069 2771 1091 2866 ἢ
1112 2771 1268 2869 σιδηροῖ,

211 2939 261 2950 -
278 2898 382 2969 verba
402 2895 528 2968 deinde
546 2900 725 2994 sequentia
746 2907 790 2994 τῇ
820 2898 898 2995 ἁφῇ
922 2897 996 2998 γὰρ
1021 2897 1044 2992 ἡ
1069 2896 1187 2996 κρίσις
1203 2909 1271 2974 τοῦ

213 3024 358 3117 ἁιιιιοῦ,
379 3047 466 3121 quae
485 3049 619 3094 eausam
638 3022 819 3109 adderent,
844 3025 933 3096 bene
953 3024 1203 3114 cohaererent.)

284 3148 363 3225 Lib.
380 3147 441 3235 IV,
462 3175 491 3225 c.
509 3145 543 3233 9,
561 3174 637 3245 pag.
655 3145 739 3234 217,
758 3151 791 3234 b,
812 3147 866 3222 12.
903 3147 1019 3221 Verba
1038 3152 1088 3223 ἔτι
1108 3150 1230 3249 ὥσπερ
1249 3153 1270 3247 ἡ

213 3288 280 3352 τοῦ
298 3275 436 3351 κύκλου
453 3276 665 3371 περιφέρεια
692 3277 928 3375 σοιαγοιιιένη
951 3282 1001 3359 εἰς
1026 3279 1177 3352 &aanor
1203 3281 1272 3353 οὐκ

215 3404 353 3474 ἄλλοτε
373 3399 556 3497 λαμβάνει
575 3400 772 3496 τὸκοῖλον,
793 3404 866 3476 ἀλλ’
888 3401 907 3474 δ
920 3399 980 3496 ἦν,
1000 3399 1184 3498 συνήχθη,
1210 3407 1273 3478 καὶ

214 3537 282 3600 ’τοῦ
300 3527 416 3623 πυρὸς
434 3527 455 3599 ll
472 3557 506 3599 τι
525 3528 574 3601 ἄν
590 3556 644 3610 τις
662 3524 759 3624 λάβῃ
777 3537 854 3602 πᾶν
871 3530 971 3600 ἔσται
990 3529 1148 3624 θερμὸν,
1173 3530 1272 3605 οὕτω

215 3653 279 3728 καὶ
294 3653 337 3726 ιδ
355 3661 431 3727 πᾶν
455 3661 657 3754 συναγωγῇ
675 3653 738 3726 καὶ
762 3653 938 3748 διασισλῂ
961 3662 1024 3747 τῆς
1049 3656 1163 3748 αὐτῆς
1186 3656 1274 3752 ὕλης

217 3805 285 3852 non
301 3775 411 3850 solum
430 3781 563 3850 inanem
583 3780 760 3849 continent
779 3781 1020 3876 repetitionem
1040 3804 1167 3866 eorum,
1186 3809 1274 3880 quae

218 3935 269 3977 vv.
288 3903 422 3978 2-11
453 3903 541 3976 dicta
570 3916 681 3988 erant,
714 3905 776 3976 sed
809 3907 908 3976 etiam
942 3932 1006 3976 usu
1032 3907 1275 3980 vocabulorum

219 4031 419 4133 συναγωγὴ
448 4041 483 4100 et
508 4030 683 4126 διαστολὴ
715 4032 941 4126 glossatorem
974 4031 1140 4127 produnt3
1169 4033 1275 4130 idque

220 4162 282 4245 iam
301 4171 436 4229 veteres
455 4159 659 4252 interpretes
677 4169 904 4254 agnoverunt,
924 4170 960 4228 ut
979 4154 1197 4255 Simplicius,
1217 4164 1273 4258 qui

222 4283 294 4376 (l'ol.
307 4282 392 4374 163)
413 4283 511 4354 dicit:
531 4283 626 4378 αὕτη
643 4284 665 4378 ἡ
684 4290 783 4378 ῥῆσις
801 4284 902 4359 δοκεῖ
921 4285 964 4358 ιδ
984 4281 1163 4382 πρότερον
1181 4293 1277 4384 εἰρη-
