3054 5174
767 425 813 504 12

268 660 351 755 quit,
367 656 431 729 sed
448 658 549 728 etiarn
566 657 736 752 genitivus
752 664 816 750 τῆς
832 655 920 751 ὕλης
937 681 1076 754 prorsus
1094 683 1162 728 non
1180 659 1224 730 sit
1241 681 1309 755 quo

267 782 443 870 reseratum
462 784 557 855 bene
575 783 686 853 omnia
703 779 949 878 procederent,
967 785 993 853 ai
1013 785 1140 854 inserto
1158 782 1216 853 illo
1235 787 1312 856 lm-

267 906 409 1005 στήμης·
428 905 528 981 etiarn
553 933 616 1004 pro
639 915 703 1001 τῆς
726 906 813 1002 ὕλης
836 907 968 1004 legator
984 908 1091 1003 ἄλλης
1107 907 1310 1006 lrocscnsu:

266 1060 345 1104 num
361 1043 467 1128 agina
491 1035 634 1120 masclam
657 1041 876 1104 nescientiae
899 1059 946 1104 οιι
963 1034 1167 1104 alveriam
1183 1047 1310 1104 utram-

266 1185 328 1256 φιιι
348 1173 493 1230 nsotrae
503 1172 637 1257 portem
659 1161 875 1253 cognoscere?
895 1173 1018 1230 ceteros
1039 1159 1168 1257 quidm
1188 1168 1218 1229 si
1239 1167 1310 1256 quis

265 1283 556 1382 sprectaratfacile
580 1286 786 1362 ύὶοινιιινιιοι
809 1279 876 1354 οισι
891 1285 1069 1367 σιίἰοιιλιιν,
1091 1308 1171 1354 nam
1186 1284 1310 1382 Empe-

266 1410 373 1482 docles
394 1424 428 1480 et
442 1409 816 1505 Dmnccritmfomrcm
840 1421 873 1479 et
893 1409 1112 1506 defininanem
1120 1409 1309 1506 paullulum

266 1549 394 1606 tannen
416 1544 561 1628 tetr'gere.
585 1573 635 1588 —-
666 1531 795 1633 Neque
826 1535 935 1606 minos
961 1535 1077 1606 sensui
1107 1533 1312 1608 contradicit

265 1655 370 1731 lectio
388 1659 489 1732 nobis
506 1657 625 1730 tradita
644 1661 824 1734 verborum
840 1661 887 1754 (v.
904 1655 968 1750 28)
986 1657 1009 1754 ἡ
1027 1657 1067 1734 oa*
1085 1656 1195 1756 φύσις
1210 1661 1309 1743 τέλος

265 1779 383 1860 arciori
395 1787 511 1879 ἕνεκα,
526 1825 576 1840 -
589 1797 663 1857 toto
678 1787 767 1857 enim
782 1784 850 1856 hoc
863 1785 975 1881 capite
989 1809 1092 1882 quum
1103 1782 1309 1858 Aristoteles

267 1908 394 1983 docere
410 1910 572 1997 volucrit,
595 1910 732 2010 physici
756 1935 848 1998 esse,
869 1912 1060 1982 universam
1085 1922 1251 1998 naturam,
1274 1924 1308 1983 et

264 2039 438 2109 materiem
456 2048 491 2108 et
506 2035 656 2124 formam,
674 2037 868 2134 complecti,
886 2033 1138 2124 demonstravit,
1156 2036 1308 2110 eiusdem

266 2187 346 2235 esse
362 2165 527 2236 scientiae
541 2162 636 2258 ὕλην
653 2175 688 2234 et
705 2161 801 2246 εἶδος
817 2163 921 2249 scirc;
939 2173 974 2232 et
990 2162 1055 2234 iarn
1069 2159 1179 2234 addit:
1197 2165 1247 2236 ἔτι
1265 2163 1307 2236 τὸ

266 2281 313 2364 οὗ
329 2290 433 2366 ἕνεκα
450 2289 513 2364 καὶ
525 2287 567 2363 τὸ
580 2289 679 2372 τέλος
689 2295 753 2382 τῆς
764 2289 877 2382 αὐτῆς
889 2285 952 2361 καὶ
963 2285 1033 2360 ὅσα
1045 2283 1189 2364 τούτων
1202 2289 1311 2363 ἕνεκα·

265 2415 286 2486 i.
304 2438 334 2486 e.
350 2435 462 2486 aarum
479 2423 578 2486 etiam
595 2415 646 2486 ml
658 2415 796 2485 candem
812 2421 983 2484 somnam
990 2421 1164 2511 pertinent
1170 2414 1252 2504 finis
1277 2427 1311 2484 et

262 2540 309 2624 ,iol
325 2542 415 2638 quod
412 2541 505 2637 finis
519 2567 623 2612 οσιιοο
626 2541 692 2637 fil,
710 2581 759 2592 ——
777 2539 890 2611 statim·
907 2535 1032 2609 deinde
1050 2550 1237 2635 sequuntur
1252 2539 1308 2610 ille

265 2666 384 2739 verba:
405 2665 429 2762 ἡ
446 2664 487 2740 ot
504 2663 616 2764 φύσις
631 2641 730 2750 τέλος
745 2664 809 2740 καὶ
825 2657 871 2739 ού
888 2665 1011 2756 ἕνεκα,
1038 2687 1125 2760 quae
1149 2663 1308 2736 mutanda

266 2815 343 2863 esse
361 2793 395 2862 in
411 2791 435 2887 ἡ
453 2790 495 2866 δὲ
512 2789 624 2890 φύσις
638 2792 738 2874 τέλος
754 2789 818 2864 καὶ
835 2785 940 2864 ἕνεκά
957 2817 1025 2863 του
1041 2787 1140 2860 facile
1158 2803 1307 2886 apparet,

265 2918 285 2989 i.
313 2942 343 2990 e.
374 2931 442 2989 est·
456 2945 549 2988 οινο
583 2927 625 2989 in
654 2931 807 2988 notura
833 2941 912 2985 con
939 2913 1064 2985 solum
1078 2913 1211 3009 finis,
1240 2915 1313 2985 scd

266 3053 389 3115 etiam
412 3046 469 3128 id,
491 3043 723 3142 quodfinia
745 3041 966 3137 causasit;
989 3063 1066 3112 esse
1083 3050 1195 3122 autem
1213 3051 1307 3111 natu-

264 3195 334 3241 ram
357 3194 476 3242 revera
499 3165 604 3246 ἕνεκά
627 3197 712 3262 του,
738 3177 855 3265 aperte
879 3180 1000 3239 auctor
1024 3168 1098 3263 ipse
1122 3164 1205 3237 dicit
1221 3151 1256 3240 c.
1273 3163 1307 3251 7,

264 3321 297 3393 p.
310 3291 391 3382 198,
407 3297 442 3382 b,
458 3292 483 3369 l
501 3295 593 3369 ὕστε
610 3293 685 3368 ἐπεὶ
701 3293 724 3388 ἡ
742 3289 853 3391 φύσις
870 3290 975 3368 &aad
992 3319 1071 3385 τσο,
1089 3290 1153 3365 καὶ
1168 3288 1309 3385 ταύτην

264 3421 400 3498 εἰδέναι
423 3420 482 3496 δεῖ
501 3419 564 3495 καὶ
586 3416 738 3495 πάντων
762 3416 966 3494 ἀποδοτέον
986 3416 1028 3491 τὸ
1047 3415 1110 3494 διὰ
1127 3415 1179 3510 τύ,
1204 3429 1239 3488 et
1265 3443 1308 3490 ex

266 3549 339 3622 eius
365 3546 518 3620 doctrina
541 3548 575 3617 in
593 3558 708 3617 natura
730 3543 805 3616 finis
830 3555 883 3616 est
898 3544 942 3618 τὸ
959 3543 1055 3627 εἶδος
1071 3542 1133 3616 καὶ
1149 3542 1192 3618 τὸ
1208 3541 1246 3618 τί
1260 3539 1308 3638 ἦν

265 3671 375 3766 εἶναι,
401 3671 437 3744 id
461 3697 559 3759 vero,
585 3671 678 3770 quod
700 3671 774 3743 finis
799 3695 899 3742 causa
922 3669 958 3740 fit
982 3668 1039 3761 (τὸ
1063 3664 1168 3744 ἕνεκά
1184 3667 1306 3763 του)ἡ

265 3798 344 3894 ὕλη.
379 3795 444 3870 His
467 3799 550 3896 ipsis
575 3801 689 3896 itaque
714 3798 827 3870 verbis
849 3793 1071 3870 Aristotelem
1089 3818 1246 3879 monere,
1270 3803 1307 3864 ut

265 3925 399 4023 physici
423 3949 491 3998 non
515 3924 624 4004 solnm
648 3921 787 3993 sormam
814 3921 877 3994 sed
902 3923 1001 3994 etiam
1025 3923 1197 3992 materiem
1224 3943 1307 3990 con-

267 4050 485 4148 templentur,
503 4048 539 4120 id
557 4052 619 4122 iarn
638 4046 833 4122 Alexander
855 4045 945 4146 apud
964 4044 1084 4144 Simpl.
1101 4045 1157 4116 lol.
1175 4042 1224 4118 67
1241 4043 1307 4140 (nri

265 4173 385 4274 μόνον
400 4175 442 4250 τὸ
460 4174 566 4272 εἶδος,
587 4173 792 4281 ὕπερέστὶι
807 4173 830 4268 ἡ
848 4173 984 4270 κυρίως
1001 4168 1121 4272 φύσις,
1141 4169 1308 4244 ἀλλὰκαὶ

266 4304 334 4399 τὴν
349 4303 452 4398 ὕλην,
476 4301 574 4378 οὕτω
590 4300 665 4402 γὰρ
682 4301 701 4376 ὃ
717 4300 950 4397 Ἀλέξανδρος
967 4295 1107 4388 ἀκούοι)
1131 4297 1305 4380 intellexit,
