3054 5174
778 437 827 514 34

741 541 879 552 -q-—..—

278 665 539 763 φιλομαθέσιν,
571 664 621 748 ὡς
643 663 850 758 (legendum
877 666 942 756 τὸ)
971 665 1066 740 κατὰ
1097 666 1337 761 συμβεβηκὸς

277 791 340 864 καὶ
357 790 399 864 τὸ
417 789 512 864 κατὰ
529 791 718 886 μέροςκαὶ
740 791 778 864 τὸ
796 793 885 864 καθ’
905 791 998 864 αὐτὸ
1017 790 1175 886 καὶπερὶ
1190 787 1335 865 τούτων
1435 884 1441 898 '

277 919 434 1018 λέγεται,
459 921 510 1000 ελς
534 917 559 988 ἃ
582 915 722 1018 γίνεται
750 917 979 1014 ἡμεταβολὴ
1084 923 1161 999 πῶς
1177 916 1248 1012 μέν
1265 913 1335 992 οὐν

276 1045 365 1118 καθ’
391 1041 486 1116 αὐτὸ
511 1049 663 1118 κινεῖται
689 1042 752 1117 καὶ
777 1052 856 1127 πῶς
881 1043 976 1118 κατὰ
1003 1042 1242 1142 συμβεβηκὸς
1272 1043 1336 1116 καὶ

277 1179 355 1254 πώς
377 1169 473 1244 κατὰ
494 1166 723 1264 μόριον,
757 1169 925 1266 φανερὸν
957 1173 996 1244 ἐκ
1019 1178 1097 1245 τῶν
1120 1169 1334 1266 εἰρημένων.

274 1295 476 1368 Pccteriore
494 1297 609 1391 itaque
628 1292 707 1364 loco
724 1295 829 1366 verbe
855 1295 917 1370 καὶ
935 1303 1014 1377 πῶς
1031 1296 1119 1368 ἄλλο
1138 1323 1171 1367 τι
1181 1352 1191 1387 ,
1219 1296 1334 1390 priore

275 1435 386 1494 autem
411 1421 474 1496 καὶ
500 1419 639 1493 τὸκατ’
659 1422 746 1494 ἄλλο
772 1434 807 1492 et
832 1419 1160 1518 articulus·quoque
1186 1431 1264 1490 ante
1280 1418 1334 1516 μὴ

276 1549 356 1622 κατ’
381 1549 468 1620 ἄλλο
495 1544 662 1617 εἱίοἱεοᾶε
689 1557 785 1632 sunt,
816 1559 897 1644 post
925 1546 1030 1618 verba
1065 1557 1177 1616 aulem
1210 1549 1260 1628 εἰς
1291 1544 1332 1620 (λέ

271 1682 407 1770 χρῶμα
427 1671 597 1744 excidisse
615 1671 711 1746 κατὰ
722 1673 843 1770 μέρος,
863 1675 969 1746 totius
986 1669 1120 1770 periodi
1139 1696 1245 1743 nexus
1264 1697 1332 1742 ma-

274 1799 492 1872 nifestissime
524 1797 742 1870 demonstrat.
790 1795 916 1895 Longe
948 1798 1136 1870 difficiliora
1168 1809 1246 1868 sunt
1278 1796 1332 1868 illa

274 1927 394 1997 verba:
410 1923 474 1998 καὶ
492 1929 542 2007 εἰς
558 1923 627 2018 τὴν
635 1923 822 2027 Εὐρώπην
840 1925 894 2000 ὅτι
912 1925 1023 2021 μέρος
1040 1926 1080 1998 αἱ
1094 1925 1249 2017 Ἀθῆναι
1267 1931 1331 2016 τῆς

275 2047 467 2149 Εὐρώπης,
487 2075 575 2148 quae
593 2061 631 2121 ut
650 2050 842 2148 exemplum
860 2041 928 2126 ¹sint
945 2059 1012 2124 τοῦ
1030 2048 1125 2124 κατὰ
1143 2050 1254 2146 μέρος
1270 2050 1331 2142 (si-

275 2175 414 2276 quidem
434 2174 477 2247 dc
495 2201 533 2247 re
551 2177 739 2248 albescenti
759 2174 894 2272 agitur),
912 2187 1040 2248 lantum
1059 2177 1174 2260 abest,
1201 2187 1238 2245 ut
1256 2175 1329 2244 uni-

272 2329 407 2374 versum
430 2304 672 2372 sententiarum
696 2327 819 2372 nexum
844 2304 1090 2398 interrumpent
1118 2313 1218 2398 alque
1248 2323 1325 2394 per-

273 2428 362 2499 dent.
398 2425 614 2523 Simplicium
632 2425 738 2498 multo
755 2427 851 2524 plura
871 2427 1008 2523 legisse,
1029 2453 1072 2500 cx
1091 2432 1164 2500 eius
1182 2427 1323 2496 circum-

272 2555 459 2651 scriptione
479 2549 690 2623 concludere
708 2555 822 2650 possis
848 2552 920 2645 (fol.
941 2550 1023 2637 191,
1047 2551 1103 2644 b):
1129 2551 1261 2653 τὸγὰρ
1280 2555 1328 2634 εἰς

271 2679 402 2753 λευκὸν
418 2675 665 2774 μεταβάλλον,
693 2677 781 2776 ὅπερ
800 2678 874 2752 ἐστὶ
893 2677 935 2752 τὸ
953 2677 1252 2776 λεακαινόμενον,
1279 2683 1328 2760 εἰς

269 2804 339 2901 μὲν
349 2804 392 2878 τὸ
404 2801 611 2899 νοούμενον
621 2802 717 2877 κατὰ
730 2805 968 2901 συμβεβηκὸς
981 2802 1216 2901 μεταβάλλει,
1236 2827 1327 2899 σαμ-

269 2932 406 3026 βέβηκε
423 2929 496 3030 γὰρ
515 2939 568 3027 τῷ
585 2937 703 3026 λευκῷ
720 2928 763 3002 τὸ
781 2933 966 3024 νοεῖσθαι,
987 2935 1036 3014 ελς
1053 2929 1094 3006 (λέ
1108 2939 1246 3028 χρῶμα
1263 2960 1327 3025 με-

269 3052 468 3150 ταβάλλειν
496 3053 696 3157 λεγόμενον
726 3055 822 3132 κατὰ
851 3057 962 3152 μέρος
992 3047 1237 3154 μεταβάλλει,
1272 3056 1324 3130 ὅτι

268 3182 378 3276 μέρος
394 3180 469 3254 ἐστὶ
487 3189 554 3254 τοῦ
576 3179 776 3276 χρώματος
799 3181 841 3254 τὸ
866 3182 1008 3276 λευκὸν,
1035 3184 1128 3277 μέρη
1151 3179 1226 3283 γάρ
1250 3179 1327 3264 πώς

270 3309 344 3378 ἐστι
362 3304 489 3378 καὶτὰ
508 3305 587 3400 εἴύη
604 3313 682 3380 τῶν
698 3314 831 3405 γενῶν,
857 3313 907 3390 εἰς
931 3310 1055 3403 μέντοι
1077 3308 1209 3384 λευκὸν
1225 3305 1328 3408 λεγό-

266 3459 383 3526 μενον
398 3429 645 3527 μεταβάλλειν
663 3430 705 3506 τὸ
718 3427 1011 3528 Ιλιιιιιαινάμενον
1026 3435 1111 3508 οὐτε
1122 3434 1218 3508 κατὰ
1233 3461 1328 3530 συμ-

266 3557 428 3653 βεβηκὸς
446 3557 537 3631 ἀλλὰ
555 3559 643 3632 καθ’
663 3556 756 3632 αὐτὸ
774 3557 995 3656 μεταβάλλει
1011 3561 1095 3633 οὐτε
1109 3560 1204 3634 κατὰ
1216 3561 1326 3656 μέρος

269 3681 359 3755 ἀλλὰ
378 3679 543 3780 πρώτως·
563 3682 700 3779 ὁμοίως
717 3683 757 3759 (λε’
768 3684 832 3758 καὶ
844 3690 894 3768 εἰς
910 3686 953 3759 τὸ
971 3685 1066 3760 κατὰ
1085 3683 1201 3762 τόπον
1213 3714 1326 3783 μετα-

211 3816 218 3834 ’
266 3803 408 3902 βάλλον
425 3805 640 3904 ελςἏθήνας
653 3808 779 3885 άπιόν·
798 3817 848 3894 ελς
860 3810 931 3906 μὲν
948 3812 990 3885 τὸ
1008 3809 1215 3907 νοούμενον
1228 3811 1323 3886 κατὰ

269 3934 503 4028 συμβεβηκὸς
531 3932 771 4032 μεταβάλλει,
807 3938 1019 4034 συμβέβηκε
1048 3938 1121 4039 γὰρ
1151 3939 1214 4012 καὶ
1244 3944 1324 4020 ταῖς

264 4054 440 4152 Ἀθήναις
455 4063 645 4153 νοεῖσθαι,
672 4065 722 4144 ελς
739 4060 779 4135 (λε’
797 4061 866 4156 τὴν
885 4061 1072 4161 Εὐρώπην
1088 4063 1184 4138 κατὰ
1200 4065 1322 4161 μέρος,

267 4183 323 4257 ὅτι
340 4185 450 4281 μέρος
468 4187 507 4260 αἱ
521 4187 677 4279 Ἀθῆναι
696 4194 759 4281 τῆς
778 4186 975 4284 Εὐρώπης,
1000 4195 1050 4272 ελς
1072 4187 1113 4263 tle*
1130 4189 1197 4271 τὰς
1211 4187 1324 4284 Ἀθή-

266 4337 334 4392 νας
350 4311 438 4383 ααθ
459 4311 551 4384 αὐτὸ
570 4309 632 4384 καὶ
650 4308 816 4409 πρώτως,
836 4339 915 4385 mox
932 4339 1013 4385 vero
1032 4317 1161 4412 pergit:
1183 4317 1246 4390 καὶ
1263 4316 1321 4390 ε’πλ

1505 4047 1514 4114 ⁴
