3054 5174
755 412 901 524 At-

307 635 483 737 ἐγίγνετο,
501 675 551 690 -·
569 637 640 710 hic:
659 635 782 733 μάτην
800 639 841 712 τό
860 640 1025 735 πεφυκὸς
1040 641 1111 738 μὲν
1124 645 1235 718 ἄλλου
1254 647 1358 720 ἕνεκα

305 762 521 862 γίγνεσθαι,
541 761 803 864 ἀποτογχάνον
820 762 861 837 ἀὲ
878 772 945 838 τοῦ
964 766 1096 850 τέλους.
1113 779 1116 790 ’

531 959 978 1066 t111‚o.5pag.20
959 963 1130 1064 55,,13.

306 1144 380 1216 ἀλλ’
408 1142 525 1216 ttn'
481 1169 527 1216 ον
544 1143 707 1240 πέφυκεν
723 1142 858 1225 οὕτως·
883 1142 1003 1216 καίτοι
1030 1143 1169 1240 ἐξείη
1145 1177 1194 1223 αν
1218 1146 1355 1252 λέγειν]

306 1268 352 1340 de
370 1268 493 1364 quibus
511 1267 624 1338 verbis
642 1279 679 1338 ut
698 1265 869 1364 disputare
887 1271 1074 1365 possimus,
1099 1275 1199 1344 etiam
1218 1287 1356 1346 antece-

307 1393 421 1466 dentia
445 1393 676 1464 exscribamus
700 1405 853 1490 oportet:
876 1393 1125 1496 Ἀναξαγόρας
1150 1397 1189 1474 ‹5'
1210 1396 1356 1485 ἀτόπως

305 1521 396 1621 λέγει
415 1519 497 1615 περὶ
507 1525 570 1611 τῆς
582 1526 649 1591 τοῦ
662 1517 816 1616 ἀπείρου
827 1528 955 1616 μονῆς,
977 1521 1160 1619 στηρίζειν
1171 1525 1244 1626 γάρ
1261 1523 1355 1600 αὑτό

306 1670 395 1744 φησι
419 1644 461 1719 τὸ
490 1646 653 1741 ἄπειρον,
680 1653 790 1718 τοῦτο
816 1643 856 1719 ἀί
881 1645 936 1719 ότι
962 1651 1002 1721 ἐν
1025 1647 1149 1746 αὐτῷ·
1179 1652 1264 1724 ἀλλο
1280 1652 1354 1752 γάρ

306 1769 418 1846 οὐδέν
434 1770 607 1867 περιέχει,
636 1768 686 1852 ὡς
704 1767 799 1845 ὅπου
817 1773 866 1846 ἀν
882 1800 917 1844 τι
935 1767 977 1866 ᾗ,
1004 1772 1167 1871 πεφυκὸς
1185 1777 1354 1850 ἐνταῦθα

306 1897 417 1972 εἶναι·
442 1903 551 1970 τοῦτο
571 1893 608 1968 (λ’
629 1895 698 1968 οὐκ
716 1894 870 1990 ἀληθὲς,
890 1901 942 1990 εἴη
965 1895 1039 1997 γὰρ
1066 1898 1115 1973 ἀν
1137 1897 1174 1971 τί
1197 1927 1269 1972 που
1285 1899 1353 1997 βίᾳ

304 2022 454 2116 καὶούχ
471 2013 516 2096 οὗ
534 2019 712 2117 πέφυκεν·
737 2026 768 2094 ελ
786 2017 857 2097 οὖν
875 2020 929 2096 ὅτι
947 2019 1106 2118 μάλιστα
1123 2023 1175 2120 μὴ
1199 2030 1352 2099 κινεῖται

304 2148 347 2222 τὸ
366 2146 452 2221 ὅλον
469 2145 526 2240 (τὸ
544 2145 618 2246 γάρ
637 2145 742 2243 αὐτῷ
759 2143 1023 2245 στηριζόμενον
1039 2149 1102 2222 καὶ
1125 2151 1165 2224 ἐν
1187 2148 1291 2247 αὐτῷ
1309 2148 1353 2226 ὂν

305 2272 482 2368 ἀκίνητον
498 2272 591 2348 εἶναι
611 2268 789 2375 ἀνάγκη),
818 2271 909 2345 ἀλλά
934 2272 997 2346 <tt
1020 2273 1056 2347 τί
1079 2275 1127 2378 οάν
1142 2255 1280 2373 πέφυκε
1298 2305 1353 2350 κι-

303 2402 470 2492 νεῖσθαι,
495 2396 656 2490 λεκτέον,
682 2397 727 2470 ot
750 2396 824 2497 γάρ
849 2397 981 2474 ἱκανὸν
1005 2398 1047 2473 τό
1066 2399 1184 2484 οὕτως
1201 2398 1351 2476 εἰπόντα

304 2519 557 2620 ἀπηλλάχθαι·
583 2527 637 2617 ε’ίη
660 2522 733 2622 γὰρ
760 2521 810 2599 ἀν
834 2523 897 2598 καὶ
915 2523 1043 2600 ὁτιοῦν
1059 2527 1146 2600 ἀλλο
1164 2528 1209 2600 οά
1227 2525 1353 2603 κινού-

302 2677 429 2746 μενον,
454 2648 545 2722 ἀλλά
563 2649 766 2746 πεφυκέναι
784 2646 897 2724 οὐδὲν
913 2646 1061 2744 κωλύει,
1091 2651 1167 2732 ἐπεὶ
1183 2652 1247 2726 καὶ
1263 2653 1287 2748 ἡ
1303 2661 1352 2754 γῆ

304 2775 350 2850 οά
367 2775 531 2872 φέρεται,
551 2773 636 2850 οὐδ’
656 2778 687 2848 εἲ
705 2775 853 2872 ἄπειρος
868 2770 927 2868 ἦν,
947 2776 1118 2876 εῑργμένη
1135 2777 1259 2873 μέντοι
1278 2778 1350 2852 ἀπὸ

301 2909 370 2974 τοῦ
385 2901 517 2998 μέσον,
542 2901 616 2974 ἀλλ’
636 2899 691 2975 ότι
710 2900 755 2974 οά
772 2901 936 2998 πέφυκεν
954 2900 1087 2986 οὕτως·
1115 2901 1234 2978 καίτοι
1259 2902 1350 3000 ἐξείη

303 3025 352 3102 ἀν
375 3027 490 3128 λέγειν
514 3025 570 3100 ὅτι
597 3023 755 3125 στηρίξει
769 3021 916 3120 αὑτήν·
943 3030 974 3099 εἰ
999 3023 1069 3102 οὖν
1091 3028 1183 3123 μηδ’
1207 3029 1265 3104 ἐπὶ
1287 3038 1351 3123 τῆς

300 3160 367 3253 γῆς
383 3160 492 3226 τοῦτο
511 3156 631 3227 αἴτιον
649 3151 804 3249 ἀπείρου
822 3152 944 3246 οὔσης,
964 3153 1038 3226 ἀλλ’
1059 3150 1114 3227 ὅτι
1131 3149 1248 3250 βάρος
1266 3156 1348 3248 ἔχει,

302 3276 345 3352 τὸ
363 3275 403 3352 ἀὲ
419 3273 522 3374 βόρα
538 3279 638 3374 μένει
657 3278 715 3352 ἐπὶ
730 3285 798 3351 τοῦ
819 3277 945 3372 μέσον,
964 3277 986 3370 ἡ
1006 3276 1045 3350 ἀί
1062 3287 1110 3378 γῆ
1128 3278 1186 3352 ἐπὶ
1202 3287 1269 3353 τοῦ
1285 3281 1351 3376 μέ-

302 3427 388 3496 σον,
415 3401 552 3498 ὁμοίως
575 3402 625 3479 ἀν
647 3401 774 3478 καὶτὸ
800 3403 952 3498 ἄπειρον
973 3403 1078 3498 μένοι
1102 3406 1142 3478 ἐν
1165 3403 1269 3502 αὐτῷ
1286 3402 1350 3480 (λιά

301 3529 369 3604 τιν’
394 3529 508 3622 ἀλλην
533 3527 658 3604 αἰτίαν
675 3527 738 3604 καί
756 3528 826 3622 οάχ
853 3526 908 3602 ὅτι
927 3529 1081 3626 ἀπειρον
1106 3528 1169 3602 καὶ
1192 3530 1348 3629 στηρίξει

302 3653 395 3730 αὐτὸ
425 3651 529 3728 αὑτό.
571 3650 705 3726 Sensus
735 3671 803 3726 est:
834 3654 1081 3748 Αποναςοναι,
1107 3665 1163 3754 qui
1185 3658 1350 3754 ι’τγίπιίαοι

300 3807 436 3852 manere
443 3795 559 3878 putat,
581 3790 727 3879 ineptam
744 3780 853 3878 affert
865 3771 1015 3864 οατιεατα,
1041 3782 1205 3876 ιἰηίαλιντα
1226 3783 1352 3854 scilicet

300 3907 413 3978 dicens
429 3933 453 3976 α
468 3933 503 3976 ει
519 3915 588 4004 ηπεο
591 3905 730 4001 fulciri,
742 3932 840 4003 quum
851 3915 887 3976 ι’τι
899 3933 933 3976 se
946 3915 1015 4004 ipso
1029 3916 1081 3997 εἱί,
1097 3907 1241 3978 τειίαιληι
1256 3907 1354 3979 aliud

232 4073 235 4076 ·
300 4034 341 4104 td
354 4034 563 4104 circumdare
581 4037 658 4128 (pro
674 4032 826 4130 περιέχει
844 4029 987 4103 fortasse
999 4034 1177 4131 περιέχειν
1194 4032 1348 4104 scriben-

302 4155 380 4228 dum
401 4169 462 4243 est,
480 4183 679 4256 quamquam
699 4155 787 4254 apud
798 4154 1019 4230 Aristotelem
1034 4157 1187 4254 exempla
1201 4168 1347 4228 mutatae

301 4285 564 4360 constructionis
583 4311 649 4356 non
676 4283 831 4378 desunt),
856 4295 950 4381 ρκαει·
973 4295 1085 4356 omnia
1108 4280 1155 4356 ibt
1178 4297 1202 4354 ἀ
1222 4297 1347 4356 natura
