3054 5174
715 417 739 492 7

201 643 326 716 refutat
343 656 378 715 et
394 647 427 716 in
446 647 538 716 omni
555 645 673 716 saltem
691 653 785 714 motu
803 641 838 714 id
858 669 925 716 uun
939 642 1248 742 enodatam,
1340 694 1343 699 -

199 796 232 864 p.
257 765 346 854 211,
369 766 449 856 26);
481 767 638 865 οὐδεμία
662 768 700 843 δ’
726 766 886 869 ἀνάγκη,
916 769 1252 866 εὶκόνησιςόστιν,

201 893 293 968 εἶναι
317 891 441 970 κενόν·
465 894 557 977 ὅλας
578 892 648 990 μὲν
671 889 909 990 οῦνπάσης
933 893 1106 992 κινήσεως
1131 897 1244 974 oddu-

198 1027 278 1113 μῦς
309 1073 377 1112 ....,
404 1021 721 1097 ἀλλοιοῦσθαι,
738 1019 811 1120 γὰρ
834 1020 876 1094 τὸ
900 1029 1031 1120 πλῆρες
1048 1023 1243 1119 ἐνδέχεται,

199 1144 290 1218 ἀλλά
323 1144 371 1239 δὴ
401 1143 491 1219 ὀῦδὲ
515 1143 599 1240 τὴν
622 1144 738 1218 κατὰ
768 1141 1136 1244 τόπονιιόνησιν,
1163 1148 1243 1244 ἅμα

198 1269 271 1371 γὰρ
305 1269 488 1365 ἐνδέχεται
522 1270 705 1353 ὑπεξιέναι
741 1267 922 1366 ἀλλήλοις,
958 1273 1109 1358 οὐδενὸς
1139 1276 1244 1358 ὄντος

201 1392 448 1492 διαστήματος
465 1402 652 1492 χωριστοῦ
676 1393 778 1491 παρὰ
800 1396 846 1470 τδι
870 1395 1024 1494 στόματα
1047 1399 1093 1474 rot
1115 1397 1241 1478 οιινοῦμ
1271 1447 1285 1472 .
1359 1441 1371 1456 ·

200 1543 311 1616 μονα·
337 1520 399 1594 καὶ
415 1529 525 1594 τοῦτο
543 1520 656 1595 δῦλον
672 1519 736 1595 καὶ
753 1523 794 1595 ἐν
810 1529 891 1607 ταῖς
907 1533 985 1600 τῶν
1002 1533 1168 1620 συνεχῶν
1184 1523 1243 1600 δῦ»

201 1675 291 1739 ναις,
311 1645 428 1742 ὥςπερ
445 1645 508 1719 καὶ
525 1649 569 1720 ἐν.
580 1652 661 1729 ταῖς
678 1653 755 1722 τῶν
764 1645 907 1747 ἀγρῶν·
925 1648 1162 1746 ἐνδέχεταιδδ
1175 1649 1243 1726 καὶ

157 1827 162 1835 .
200 1773 436 1847 πυκνοῦσθαι
457 1769 509 1865 μὴ
534 1775 584 1854 εἰς
600 1771 641 1846 τδ
659 1771 769 1847 κενὸν
786 1773 877 1847 ἀλλά
900 1774 962 1849 διδ
984 1776 1028 1850 ud
1044 1777 1090 1852 τὰ
1109 1773 1241 1856 ἐνόντα

198 1895 449 1994 ἐκαυρηνίζειν
466 1895 545 1971 οἷον
562 1895 700 1982 ὕδατος
714 1901 1016 1996 συνθλιβομένου
1027 1901 1094 1978 τὸν
1108 1899 1240 1984 ἐνόντα

198 2024 288 2120 ἀέρα
296 2081 308 2116 ,
337 2021 401 2096 καὶ
426 2019 709 2106 αάξάνεσθαι
735 2024 779 2098 οῦ
804 2021 924 2120 μόνον
942 2023 1116 2112 εἰσιόντος
1139 2027 1239 2112 τινδς

197 2147 288 2222 ἀλλὰ
305 2146 368 2221 καὶ
385 2145 584 2242 ἀλλοιώσει,
604 2149 725 2224 οἷονεί
742 2153 778 2233 ἐξ
795 2148 932 2232 ὕδατος
946 2149 1087 2250 γίνοιτο
1104 2151 1175 2250 ἀὴρ
1197 2191 1234 2210 «ν

196 2277 216 2345 i.
228 2299 257 2344 e.
269 2283 339 2345 eine
351 2273 574 2372 uacuefacile
589 2275 854 2375 ειμδοανιμοεει
866 2274 1242 2376 ἀλλοίωσινιιφοράν

197 2416 230 2475 et
244 2401 413 2494 αὔξησιν,
440 2442 465 2450 -
496 2401 635 2500 γένεσις
656 2425 740 2472 vero
757 2401 820 2475 καὶ
837 2400 967 2498 φθορὰ
989 2400 1020 2472 h.
1038 2403 1058 2472 1.
1081 2413 1238 2500 tanquam

197 2524 240 2598 ud
263 2521 410 2620 πόσην
431 2523 576 2619 κίνησιν
600 2552 668 2598 non
693 2529 904 2623 pertinentes
927 2526 1062 2600 silentio
1086 2534 1237 2624 praeter·
1276 2541 1278 2546 ’

196 2653 379 2726 mittuntur.
412 2648 466 2724 Ex
483 2650 548 2722 hac
565 2663 677 2724 nutem
696 2651 930 2749 discrepantia.
942 2677 1012 2724 non
1029 2650 1237 2726 concludere

195 2777 285 2864 iicet,
304 2788 453 2875 quartam
471 2788 584 2851 motus
600 2778 752 2873 speciem
770 2779 811 2850 iis
828 2778 1004 2862 lucis‚.ubi
1021 2791 1093 2852 tren
1109 2789 1237 2852 tuntum

194 2905 418 2987 nominentur,
437 2901 708 2990 exordiemur,
723 2903 783 2976 ubi
801 2915 960 3000 quatuor,
977 2902 1112 2976 aliunde
1128 2906 1236 2976 insen

195 3039 262 3102 turn
280 3053 367 3114 esse,
385 3055 487 3126 quum
504 3031 660 3102 universa
679 3027 803 3102 dehac
821 3054 859 3100 re
873 3027 1071 3125 philosophi
1083 3026 1235 3102 doctriua

196 3179 238 3227 ex
251 3155 405 3250 pluribus
417 3154 504 3226 locis
517 3165 611 3226 eruta
625 3153 711 3224 hanc
725 3153 954 3230 difficultatem
968 3178 1109 3252 proruus
1119 3155 1235 3226 nolunt

169 3281 176 3300 ⁸
193 3277 343 3352 Primum
363 3282 451 3352 enirn
469 3277 813 3366 animadvertendum,
829 3280 886 3353 ilio
906 3280 995 3366 Ιοοο,
1009 3302 1079 3377 quo
1093 3295 1236 3378 quatuor

193 3415 305 3476 mutus
322 3418 552 3491 numerantur,
569 3401 734 3476 vocabule
751 3404 890 3500 κίνησις
907 3417 943 3478 et
957 3403 1143 3502 μεταβολὴ
1161 3407 1244 3508 eine

195 3528 389 3602 discrimine
417 3532 571 3628 usurpari
598 3531 691 3622 (οῦκ
721 3533 795 3606 ἔστι
825 3531 866 3607 δὲ
896 3527 1165 3628 uiuentem&
1188 3529 1237 3602 τδ

194 3650 405 3754 πράγματα,
423 3653 641 3752 μεταβάλλει
657 3655 730 3755 γὰρ
748 3657 789 3730 τὸ
806 3655 1042 3753 μεταβάλλον
1056 3685 1087 3732 ιι.
1105 3663 1180 3734 ct
1200 3666 1235 3730 et

194 3781 288 3856 ὥστε
309 3777 484 3874 κινήσεως
506 3780 569 3854 καὶ
590 3782 795 3878 μεταβολῆς
817 3787 916 3858 ἐστιν
940 3783 1018 3878 εἴδη
1041 3779 1235 3876 τοσαῦτα),

194 3904 289 4003 quod
306 3931 374 3978 non
393 3917 522 3978 temere
538 3906 663 3978 iactum
681 3932 769 3994 ense,
787 3934 829 3980 ex
843 3913 994 3982 aucturis
1003 3910 1109 4006 ipsius
1122 3907 1236 3982 verbis

194 4029 270 4123 (IV,
289 4028 345 4117 10,
368 4057 401 4128 p.
418 4027 502 4116 218,
527 4033 563 4118 b,
588 4028 649 4119 19)
675 4031 801 4106 elucet:
824 4035 943 4130 μηδὲν
965 4034 1006 4110 δὲ
1031 4033 1235 4131 διαφερέτω

197 4157 310 4254 λέγειν
330 4157 421 4254 ἡμῖν
443 4161 483 4232 ἐν
504 4165 557 4254 τῷ
573 4154 729 4254 παρόντι
752 4157 937 4255 κίνησινῆ
960 4156 1171 4256 μεταβολήν
1187 4141 1236 4232 -ὲ-

198 4281 256 4356 ubi
274 4281 317 4354 de
335 4294 489 4379 ternpore
507 4284 594 4378 ugit,
618 4282 661 4354 ad
685 4286 781 4356 cuius
804 4287 968 4382 rationem
985 4285 1109 4370 retatus
1126 4295 1238 4356 motus
