3054 5174
696 439 722 515 9

186 664 258 763 ρἰἑν
274 663 344 743 οὖν
359 666 455 740 κατὰ
471 663 587 742 τόπον
604 664 722 763 φορὰ,
747 665 769 760 ἡ
794 663 835 739 (II
858 665 1013 740 κατὰτὸ
1034 665 1143 740 ποιὸν
1167 667 1230 739 ἄλ-

186 790 348 886 λοίωσις,
372 776 396 886 ή
413 791 454 867 ὐὲ
471 792 565 866 κατὰ
583 790 625 865 τὸ
643 790 759 866 ποσὸν
776 791 926 885 αὔξησις
942 790 1005 864 καὶ
1022 789 1164 889 φθίσις,
1182 827 1233 844 -·-
1306 819 1313 824 ·

189 929 225 988 et
241 914 337 1005 VIII,
359 917 394 1003 7,
419 943 452 1014 p.
469 914 553 1004 260,
571 913 620 991 26
643 925 782 1012 τριῶν
805 917 843 992 δ’
867 919 993 992 οὐσῶν
1014 914 1235 1011 κινήσεων

186 1051 251 1137 τῆς
271 1072 309 1116 τε
331 1043 427 1118 κατὰ
449 1045 609 1144 μέγεθος
630 1043 694 1117 καὶ
717 1051 782 1137 τῆς
804 1041 899 1118 κατὰ
925 1039 1048 1126 πόθος
1075 1041 1139 1116 καὶ
1168 1050 1233 1137 τῆς

186 1167 281 1242 κατὰ
298 1165 430 1264 τόπον,
453 1170 503 1265 ἣν
524 1177 710 1265 καλοῦμεν
732 1165 856 1277 φορόν
874 1221 942 1239 .....
962 1172 1061 1241 etiam
1085 1166 1116 1239 d.
1135 1164 1231 1239 CoaI.

186 1290 249 1380 IV,
265 1290 299 1380 3,
315 1319 348 1391 p.
360 1291 444 1380 310,
460 1291 508 1368 23
526 1294 601 1370 ἐπεὶ
616 1290 690 1396 γάρ
709 1297 776 1369 aloa
793 1301 909 1392 τρεῖς
926 1296 966 1368 αἱ
987 1291 1188 1389 κινήσεις
1208 1294 1232 1389 ή

186 1417 258 1515 μὲν
268 1419 363 1496 κατὰ
372 1421 541 1520 μέγεθος,
554 1417 577 1515 ἡ
589 1418 630 1494 <II
645 1421 723 1494 κατ’
738 1419 844 1514 είύος,
862 1419 886 1515 ἡ
903 1418 944 1494 όὲ
957 1420 1052 1495 κατὰ
1065 1416 1181 1496 τόπον

189 1543 270 1619 ibid.
284 1546 334 1641 b,
352 1541 401 1618 22
424 1545 467 1620 τὸ
483 1543 554 1642 μὲν
571 1548 611 1621 ἐν
627 1553 681 1643 τῷ
697 1553 792 1644 ποιῷ
808 1545 850 1618 τὸ
869 1544 906 1620 δ’
925 1550 966 1621 ἐν
981 1554 1034 1644 τῷ
1050 1553 1154 1644 ποσῷ
1168 1575 1235 1642 με·

187 1667 362 1768 raptam
379 1669 442 1745 καὶ
459 1675 500 1746 ἐν
515 1667 617 1768 τόπῳ
634 1671 680 1745 τὰ
691 1670 762 1768 μὲν
774 1677 897 1768 κοῦφα
911 1672 1048 1746 ἄνωτὰ
1061 1669 1102 1746 (λε’
1113 1667 1237 1770 βόρεα

187 1794 307 1890 κοίταν,
326 1836 376 1852 -
394 1807 428 1867 et
447 1794 477 1866 d.
495 1819 572 1893 gon.
592 1809 627 1868 at
644 1793 778 1883 corr.I‚
797 1795 830 1883 1,
852 1822 885 1893 p.
903 1793 991 1884 314,
1009 1798 1048 1884 b,
1065 1794 1115 1873 27
1132 1799 1235 1874 ἄντε

186 1917 399 2018 μεταβάλλῃ
417 1922 512 1998 κατὰ
529 1918 646 1998 τόπον
662 1923 711 1998 ἄν
726 1951 765 1996 τε
782 1923 860 1996 κατ’
885 1923 1040 2018 αὔξησιν
1061 1923 1124 1998 καὶ
1140 1922 1236 2023 φθί-

189 2069 251 2123 σιν
277 2048 325 2122 ἄν
349 2077 386 2122 τε
409 2049 487 2122 κατ’
514 2046 726 2141 ἀλλοίωσιν,
750 2057 801 2100 -’·
827 2059 862 2118 et
885 2060 1109 2121 secernuntur
1134 2053 1245 2121 etiam

187 2172 327 2274 γένεσις
348 2172 412 2248 καὶ
433 2173 565 2272 φθορὰ
587 2199 607 2244 a
634 2175 759 2244 ceteris
784 2170 854 2248 α2
877 2176 947 2246 init.
965 2174 1048 2273 περὶ
1063 2175 1240 2276 γενέσεως

189 2298 255 2373 καὶ
271 2303 422 2398 φθορᾶς
442 2307 507 2394 τῆς
530 2298 645 2395 ἁπλῆς
669 2299 883 2374 λεκτέον
901 2299 964 2374 καὶ
981 2300 1063 2399 περὶ
1079 2309 1156 2376 τῶν
1172 2301 1237 2375 ἅλ-

191 2434 268 2501 λιον
280 2424 407 2500 ἁπλῶν
419 2422 609 2520 κινήσεων,
627 2424 708 2501 οἷον
720 2425 801 2523 περὶ
815 2421 999 2520 αὐξήσεως
1009 2425 1073 2501 καὶ
1086 2423 1237 2501 ἀλλοινί-

193 2577 284 2636 σιως
301 2550 348 2643 (h.
366 2551 386 2621 l.
404 2549 426 2646 ή
444 2551 540 2625 κατολ
556 2548 673 2626 τόπον
688 2575 757 2622 uon
776 2564 1073 2640 commemoratur,
1091 2555 1169 2651 quia
1193 2548 1238 2624 do

195 2701 236 2748 ea
258 2677 323 2748 iam
347 2678 381 2747 in
404 2675 501 2775 phys.
520 2701 612 2748 auso.
636 2687 748 2756 actum
767 2679 861 2771 orat).
897 2674 972 2752 Sed
995 2679 1055 2752 ubi
1083 2677 1126 2749 de
1143 2660 1237 2749 motu

194 2802 293 2874 simul
311 2812 345 2874 at
362 2804 548 2874 mutatione
565 2825 675 2874 sermo
695 2814 748 2874 est
764 2805 869 2896 (siout
885 2802 984 2903 phys.
1002 2829 1092 2877 ausc.
1109 2798 1171 2889 III,
1190 2802 1239 2890 1),

193 2927 259 2998 iam
283 2927 420 3023 γένεσις
441 2928 505 3002 καὶ
528 2927 658 3028 φθορὰ
688 2929 775 2998 iuter
805 2940 937 3000 ceteras
962 2940 1183 3002 recensentur
1204 2939 1239 3001 at

195 3049 447 3148 quodammodo
459 3064 723 3152 quatuormotus
734 3077 861 3149 genera
872 3069 1044 3152 apparent,
1054 3056 1101 3126 ita
1107 3049 1199 3139 VIII·
1205 3053 1240 3141 7,

194 3203 227 3274 p.
233 3173 373 3265 261,27
388 3176 443 3252 ὅτι
456 3177 527 3276 μὲν
537 3177 666 3255 τοίνυν
676 3187 753 3256 τῶν
761 3176 941 3274 κινήσεων
953 3179 976 3275 ἡ
987 3180 1086 3279 φορὰ
1099 3176 1237 3279 πρώτη,

195 3303 361 3402 φανερὸν
377 3308 417 3379 ἐκ
432 3301 577 3381 τούτων
593 3359 661 3380 .....
680 3304 736 3381 ότι
752 3303 823 3402 μὲν
834 3300 905 3380 οὐν
915 3313 991 3382 τῶν
1006 3308 1127 3383 ἄλλων
1138 3305 1240 3402 κινή-

194 3454 291 3505 σεαιν
307 3433 457 3527 (praeter
470 3430 594 3530 φορὰν
606 3431 696 3524 scil.)
714 3429 895 3528 οὐδεμίαν
906 3431 1089 3528 ε’νύέχειαι
1107 3441 1239 3529 σονεχύ

195 3555 306 3651 εἶναι,
332 3560 373 3630 ἐκ
387 3556 507 3632 τῶνδε
528 3554 710 3656 φανερόν·
735 3555 875 3631 ἅπασαι
892 3558 965 3658 γὰρ
984 3562 1020 3643 ἐξ
1038 3559 1243 3656 ἀντικομί-

195 3709 275 3758 νιον
291 3687 341 3766 εἰς
358 3679 590 3778 ὐντικείαενοί
608 3685 699 3757 εἰσιν
725 3682 771 3754 αἱ
793 3679 989 3777 κινήσεις
1011 3684 1085 3758 καὶ
1106 3671 1241 3780 μετοιὶ

195 3804 346 3904 βολαὶ,
365 3807 446 3883 οῖον
462 3809 598 3908 χενίσει
614 3806 684 3904 μὲν
700 3807 762 3882 καὶ
779 3810 911 3906 φθορᾷ
927 3807 970 3882 τό
989 3807 1034 3884 ὃν
1050 3809 1171 3884 καὶ·τό
1188 3810 1240 3907 μή

199 3931 243 4007 όν
261 3933 353 4030 ὅροι,
372 3927 559 4008 ἀλλοιώσει
577 3931 618 4008 δὲ
635 3931 816 4008 τάναντία
828 3929 946 4028 πάθη,
965 3931 1111 4028 αὐξήσει
1125 3934 1166 4010 δὲ
1177 3935 1241 4010 καὶ

198 4057 368 4157 φθίσειή
390 4060 549 4161 μέγεθος
573 4057 597 4152 ἢ
620 4055 794 4156 μικρότής
815 4057 838 4152 ἢ
862 4056 1036 4155 τελειότης
1058 4061 1241 4162 μεγέθους

198 4183 261 4258 καὶ
273 4185 424 4259 ἀτέλεια.
446 4181 675 4257 Mutationem
688 4181 769 4256 inda
781 4183 886 4256 solam
900 4187 933 4257 in
949 4199 1093 4284 quatuor
1105 4190 1240 4286 specim

200 4309 314 4397 dividi,
322 4337 423 4408 quum
436 4336 498 4408 per
510 4335 548 4384 se
562 4321 654 4407 patet
668 4321 737 4382 tum
752 4313 1019 4385 auctorisverbis
1030 4311 1244 4385 confirmatur
