3054 5174
723 414 870 528 „¹ss-

275 640 400 736 d.gen.
420 652 454 712 et
472 666 557 712 corr.
575 637 605 724 l,
622 637 656 726 ἐ,
674 665 706 736 p.
725 634 808 723 319,
826 639 860 724 b,
877 635 923 712 31
945 638 1039 715 ὅταν
1053 639 1123 737 μέν
1141 639 1211 718 οέν
1228 643 1321 718 κατὰ

273 765 315 839 τὸ
333 765 451 840 ποσὸν
466 762 490 861 ᾖ
506 766 530 860 ἡ
546 759 776 862 μεταβολὴ
795 771 858 846 τῆς
876 762 1135 862 ἐναντιώσεως,
1154 770 1247 862 αὔξη
1259 767 1321 842 καλ

273 889 421 989 φθίσις,
448 890 540 967 ὅταν
563 889 604 966 δέ
626 888 721 964 κατὰ
744 884 877 982 τόπον,
902 890 1018 988 φορὰ,
1045 891 1137 969 ὅσον
1163 892 1203 966 δέ
1226 893 1321 968 κατὰ

273 1013 395 1100 πάθος
411 1015 475 1090 καὶ
492 1015 534 1090 τὸ
552 1016 677 1108 ποιὸν,
697 1013 905 1108 οίλλοίωσις,
925 1013 1019 1090 ὅταν
1037 1015 1076 1092 rio*
1092 1017 1211 1114 μηθὲν
1228 1019 1322 1094 ὑπο-

271 1143 364 1238 με’νῃ
382 1135 427 1216 οὗ
444 1137 609 1237 θάτερον
625 1137 748 1223 πάθος
764 1139 788 1234 ἢ
807 1141 1044 1236 συμβεβηκὸς
1062 1143 1165 1238 ὅλως,
1183 1145 1322 1245 γένεσις

273 1268 315 1342 τὸ
333 1265 374 1344 δέ
391 1265 522 1364 φθορά
542 1278 577 1338 et
595 1291 622 1338 e.
637 1263 670 1352 5,
683 1291 715 1364 p.
728 1262 811 1352 320‚
826 1262 872 1339 12
887 1265 943 1340 ὅτι
960 1266 983 1360 ἡ
1000 1266 1071 1362 μὲν
1089 1273 1127 1344 ἐκ
1143 1270 1253 1344 εοῦιλε
1272 1275 1322 1354 εἷς

273 1391 358 1470 πόδε
374 1390 561 1488 μεταβολὴ
579 1391 659 1466 οἷον
676 1395 715 1466 ἐκ
732 1388 889 1487 δυνάμει
908 1391 1038 1476 οὐσίας
1055 1399 1106 1478 εἰς
1122 1395 1320 1492 ἐντελεχείᾳ

273 1517 417 1612 οὐσίαν,
435 1515 574 1617 γένεσίς
591 1521 700 1609 ἐστιν,
718 1515 741 1610 ἡ
760 1515 800 1590 rio*
818 1515 900 1614 περὶ
916 1517 1076 1618 μέγεθος
1093 1521 1241 1614 αὔξησις
1258 1520 1321 1594 καλ

273 1643 423 1742 φθίσις,
441 1642 464 1737 ἡ
483 1641 523 1718 tio*
540 1642 623 1740 περὶ
639 1639 763 1724 πάθος
781 1640 979 1725 ἀλλοίωσις.
1015 1641 1133 1742 Atque
1150 1670 1240 1717 nuno
1260 1644 1319 1716 de-

272 1797 363 1842 mum
387 1745 515 1854 elucet,
548 1793 609 1846 eur
630 1765 838 1841 Aristoteles
863 1769 897 1840 in
923 1767 1101 1840 elementis
1124 1772 1143 1840 i.
1168 1795 1196 1840 e.
1230 1773 1320 1864 igne,

273 1904 360 1982 aire,
377 1919 473 1992 aquo,
491 1905 588 1977 terro,
606 1918 749 1989 quorum
768 1903 894 1964 motum
908 1893 955 1964 nii
973 1892 1065 1964 aliud
1081 1921 1179 1993 quem
1191 1908 1318 1968 motum

272 2019 316 2097 ad
329 2019 468 2096 formam
479 2019 649 2116 propriam
661 2042 738 2088 esse
751 2016 835 2089 dicit
846 2016 894 2112 (d.
905 2013 1319 2118 Coe1.1V‚3‚p.310,33),

274 2146 374 2221 etiam
388 2145 531 2244 γένεσιν
545 2169 621 2216 cum
640 2155 733 2216 motu
751 2143 824 2216 sere
842 2143 1027 2216 confundat
1039 2146 1074 2237 (l.
1087 2172 1115 2218 o.
1126 2172 1158 2242 p.
1170 2142 1317 2234 311,4):

273 2269 439 2369 φανερὸν
456 2269 513 2364 ἐὴ,
531 2268 586 2344 ὅτι
604 2265 761 2365 δυνάμει
780 2268 826 2346 ἐν
843 2274 892 2352 εἰς
909 2271 1129 2366 ἐντελέχειαν
1146 2271 1205 2346 ἐὸν
1219 2274 1318 2369 ἔρχε-

272 2425 332 2475 ται
351 2400 425 2471 ἐκεῖ
438 2393 502 2475 καὶ
518 2399 568 2478 εἰς
584 2401 763 2470 τοσοῦτον
779 2393 841 2468 κοιλ
858 2403 1039 2488 τοιοῦτον,
1067 2389 1117 2470 οὗ
1141 2397 1164 2490 ἡ
1184 2398 1318 2472 ἐνεελέ·

268 2551 353 2616 χειοι
375 2521 438 2596 καὶ
461 2520 569 2604 ὅσον
594 2519 657 2594 καὶ
682 2522 783 2596 οἵου
800 2518 864 2594 καὶ
889 2519 1009 2596 ὅπου.
1045 2518 1100 2592 Ex
1125 2521 1178 2594 his
1204 2524 1319 2620 itaque

273 2648 431 2732 omnibus
447 2657 602 2743 apparet,
624 2644 769 2738 κίνησιν
793 2647 934 2742 proprie
958 2645 1082 2721 dietam
1100 2649 1132 2720 in
1152 2659 1222 2720 tres
1239 2672 1317 2743 spe-

273 2774 344 2848 eies
364 2770 484 2856 dividi,
498 2769 709 2867 μεταβολὴν
732 2772 865 2842 veroin
885 2783 1045 2866 quatuor,
1069 2785 1104 2844 et
1128 2775 1258 2868 optime
1275 2773 1317 2844 ob

271 2896 330 2977 ilio
348 2897 445 2984 loeo,
459 2920 569 2994 vquem
596 2897 693 2971 initio
719 2895 1081 2994 posuimus,·yo‘roow
1106 2908 1141 2968 et
1164 2897 1319 2996 φθορὰν

272 3024 403 3102 abesse.

678 3218 746 3302 Lib.
763 3221 807 3318 ΙΙ,
831 3241 859 3302 ο.
877 3223 911 3302 2.

346 3399 458 3474 Huius
490 3403 611 3498 capitis
636 3411 783 3476 extrema
806 3425 884 3497 pars
914 3401 1053 3474 muitum
1079 3399 1261 3497 depravate
1284 3412 1318 3472 et

273 3528 422 3601 mutilata
439 3529 474 3598 in
493 3526 671 3599 codicibus
688 3527 788 3598 nobis
806 3526 924 3598 relicta
942 3538 1010 3612 est,
1028 3538 1079 3612 et,
1097 3525 1317 3623 quemadmo-

274 3653 354 3728 dum
384 3655 519 3749 saepius
549 3654 583 3724 in
607 3649 805 3726 Aristotelis
835 3652 997 3748 operibus
1028 3651 1188 3724 accidere
1220 3652 1318 3736 solet,

273 3780 370 3877 plura
386 3777 508 3850 menda
525 3779 559 3848 in
577 3803 680 3848 unum
703 3777 815 3850 locum
841 3779 886 3848 ita
909 3789 1072 3873 congesto
1098 3790 1192 3864 suot,
1214 3787 1251 3848 ut
1274 3803 1317 3850 ne

275 3907 395 4002 optimi
422 3903 557 4001 quidem
582 3902 722 3974 codices
747 3927 846 3974 verae
868 3901 1026 3977 lectionis
1043 3905 1187 3998 vestigia
1204 3927 1317 3974 serva·

273 4031 400 4115 verint,
416 4027 507 4102 unde
525 4030 597 4100 sere
614 4052 749 4126 semper
766 4053 956 4123 agnoscere
974 4027 1071 4114 licet,
1096 4026 1231 4124 quando
1249 4031 1318 4123 pri·

274 4181 350 4228 mus
368 4153 504 4252 quidam
523 4153 648 4241 codex,
667 4179 710 4226 ex
727 4179 796 4251 quo
814 4155 920 4228 nostri
938 4152 1079 4236 fluxere,
1097 4155 1223 4248 etipse
1242 4179 1317 4225 cor-

274 4291 393 4378 ruptus
406 4280 513 4356 suerit.
531 4277 580 4354 lta
594 4283 627 4352 in
639 4279 707 4354 hoo
718 4282 989 4376 capiteapertum
1003 4280 1144 4375 primum
1159 4279 1318 4354 mendum
