3054 5174
505 712 573 796 til.
592 715 646 812 ll,
672 736 700 794 o.
718 716 754 813 1,
780 735 858 818 pag.
876 717 965 815 208,
990 719 1025 816 t,
1050 721 1082 800 3.

265 895 325 970 ὅτε
343 893 383 969 ‹lt-
402 894 469 969 τὸν
486 892 605 969 αὐτὸν
621 890 737 970 τόπον
754 904 888 971 τοῦτον
898 899 985 971 ἄλλο
997 927 1030 971 τι
1044 909 1121 975 τῶν
1133 885 1319 998 σωμάτων

264 1024 418 1118 κατέχει,
437 1029 547 1095 τοῦτο
566 1019 614 1114 δὴ
632 1029 709 1094 τῶν
727 1023 978 1120 ἐγγινομένων
991 1025 1055 1098 καὶ
1064 1027 1320 1124 μεταβαλλόν-

263 1176 340 1222 των
357 1150 481 1245 ἕτερον
498 1145 651 1221 πάντων
669 1142 897 1244 εἶναιδοκεῖ]
917 1148 1125 1224 Aristoteles
1139 1179 1318 1247 argumen-

263 1285 334 1344 tum
352 1273 464 1358 affert‚
483 1298 551 1371 quo
571 1271 664 1343 ducti
683 1271 840 1344 homines
858 1286 996 1369 putent,
1020 1281 1164 1372 spatium
1183 1304 1319 1375 separa-

263 1410 333 1470 tum
354 1402 510 1484 existere,
528 1399 743 1493 transpositis
762 1401 851 1470 enim
866 1398 997 1471 duabus
1015 1403 1129 1489 rebus,
1145 1406 1205 1477 ubi
1223 1406 1318 1500 prins

265 1551 293 1596 e.
311 1551 345 1620 g.
363 1535 420 1596 atr
437 1525 554 1610 luerit,
577 1527 642 1595 iam
661 1549 750 1594 nunc
770 1549 801 1596 e.
819 1551 851 1620 g.
869 1551 989 1623 aquam
1009 1552 1102 1613 esse,
1128 1542 1162 1601 et
1181 1531 1316 1628 qnando

263 1651 410 1724 eundem
428 1649 542 1721 locum
560 1675 646 1721 nova
665 1675 720 1721 res
739 1650 908 1737 obtineat,
926 1651 1018 1722 huno
1039 1653 1150 1725 locum
1168 1659 1280 1752 ipsum
1299 1686 1316 1728 a

263 1779 383 1864 rebus,
407 1801 494 1874 quae
518 1778 672 1848 intrarint
700 1788 734 1847 et
758 1777 918 1863 exierint,
949 1776 1119 1850 diversum
1143 1781 1316 1878 quoddam
1373 1792 1376 1798 '

263 1903 391 1990 videri3
408 1902 501 1974 unde
519 1913 670 1999 apparet,
687 1927 750 1998 pro
768 1909 879 1976 τοῦτο
897 1903 1080 1999 legendum
1101 1931 1178 1978 esse
1196 1902 1315 2002 οὗτος,

263 2056 340 2102 nam
358 2027 589 2127 spatium—<l
607 2025 792 2122 τόπος-,
811 2054 880 2099 non
898 2054 953 2101 res
972 2031 1071 2116 illata,
1089 2031 1123 2102 id
1143 2044 1205 2118 est,
1223 2034 1318 2132 quod

264 2153 388 2255 ἕτερόν
404 2186 439 2229 τι
457 2154 622 2240 videatur,
642 2166 677 2225 et
693 2153 778 2224 illud
795 2163 905 2229 τοῦτο
923 2158 1031 2252 magis
1048 2155 1091 2228 ad
1108 2160 1211 2230 verba
1230 2163 1316 2234 ἄλλο

262 2309 297 2356 τι
332 2279 549 2352 referendum
586 2292 686 2351 esset.
740 2275 889 2377 Saepius
924 2280 1063 2378 quidem
1093 2281 1314 2356 Aristotelem

264 2415 398 2478 constat
415 2407 551 2476 nomina
568 2405 745 2476 masculini
769 2406 824 2476 vel
850 2405 1002 2478 seminini
1027 2413 1164 2504 generis
1188 2437 1315 2508 prono-

262 2535 353 2604 mine
378 2533 516 2628 generis
534 2533 687 2602 neutrius
704 2571 755 2584 —
771 2539 881 2606 τοῦτο
899 2533 955 2603 vel
972 2530 1058 2608 rocla
1074 2575 1124 2586 --
1149 2549 1317 2632 repetere,

261 2659 462 2755 praesertim
488 2682 591 2754 quum
614 2658 657 2732 τὸ
674 2655 745 2753 μὲν
763 2699 808 2712 -
828 2657 871 2730 τὸ
895 2655 935 2732 δὲ·
959 2671 1065 2754 ponat
1082 2659 1200 2758 (phys.
1225 2687 1316 2734 ausc.

263 2787 312 2870 ll,
330 2780 370 2868 3,
386 2809 420 2880 p.
441 2780 528 2870 195,
552 2781 577 2858 8
599 2784 641 2857 τὸ
658 2783 729 2880 μὲν
746 2782 789 2854 ad
809 2783 1194 2881 ἀνδριαντοποιητικὴ,
1214 2788 1256 2861 τὸ
1275 2787 1315 2862 δὲ

154 2906 156 2912 ’
262 2908 306 2981 ad
319 2909 456 3004 χαλκὸς
474 2907 706 2994 referendum,
726 2921 761 2980 et
780 2908 810 2979 d.
830 2907 916 2980 coel.
935 2907 1054 2996 111,8‚
1080 2937 1114 3008 p.
1132 2909 1217 2999 307,
1234 2910 1258 2986 2
1276 2914 1318 2988 τὸ

262 3034 332 3131 μὲν
349 3034 392 3106 ad
415 3043 575 3133 σφαῖρα,
599 3034 642 3108 τὸ
667 3033 707 3109 δὲ
731 3034 774 3106 ad
798 3029 962 3132 πυραμίς
983 3036 1168 3132 pertinet),
1187 3079 1235 3094 -··
1254 3040 1317 3112 sed

262 3161 293 3232 h.
313 3162 333 3236 l.
351 3162 557 3258 aliquantum
577 3159 704 3246 differt,
731 3185 835 3258 quum
859 3161 1082 3234 demonstrari
1102 3161 1238 3234 demum
1257 3164 1318 3236 de—

262 3289 358 3372 beat,
383 3287 497 3358 locum
516 3285 641 3384 ἕτιρόν
665 3317 705 3359 τι
733 3298 767 3356 et
785 3299 943 3384 tanquam
957 3287 1085 3385 χρῆμά
1109 3319 1149 3362 τι
1176 3314 1253 3361 esse
1272 3293 1318 3362 ita

261 3425 300 3485 ut
318 3412 360 3484 ad
378 3411 461 3482 illud
479 3441 513 3486 τι
521 3471 538 3506 ,,
557 3411 651 3510 quod
675 3415 719 3483 sit
736 3410 863 3506 τόπος,
889 3415 954 3515 iam
972 3440 1081 3510 genus
1106 3420 1318 3511 pronominis

262 3538 499 3613 antecedentis
522 3549 740 3636 exaequetur.
758 3535 873 3610 Etiam
890 3541 1005 3626 verba,
1024 3565 1111 3636 quae
1130 3555 1320 3639 sequuntur

264 3705 309 3719 --
330 3670 369 3741 ἐν
387 3657 417 3762 ᾦ
433 3663 506 3764 γὰρ
525 3662 595 3761 ἀήρ
615 3669 798 3758 ἑστι-νῦν,
818 3665 923 3763 ὕδωρ
942 3669 983 3739 ἐν
998 3662 1120 3764 τούτῳ
1138 3665 1318 3766 πρότερον

261 3788 327 3886 ἦν,
359 3789 452 3864 ὥστε
483 3789 596 3884 δῆλον
621 3789 670 3872 ὥς
699 3787 747 3885 ἦν
778 3791 797 3864 ὁ
827 3788 962 3874 τόπος
991 3821 1031 3862 τι
1064 3792 1127 3864 καὶ
1158 3793 1181 3886 ἡ
1206 3791 1315 3890 χώρα

264 3919 414 4014 ἕτερον
437 3917 600 4014 ἀμφοῖν,
627 3921 677 3998 εἷς
697 3917 745 4010 ἢν
767 3916 829 3990 καὶ
853 3920 890 4000 ἐξ
906 3910 949 4011 ἧς
964 3917 1170 4012 μετέβαλον
1186 3945 1318 3989 -nos

263 4054 418 4127 movent,
440 4053 477 4111 ut
502 4035 610 4125 οὗτος
634 4044 827 4137 genuinam·
841 4067 918 4113 esse
941 4042 1125 4130 lec-tionem
1150 4055 1319 4138 putemus,

263 4193 351 4266 quae
376 4166 535 4237 facillime
563 4195 580 4237 a
606 4163 750 4239 librariis
775 4178 918 4264 propter
941 4165 1023 4237 illud
1049 4168 1191 4264 ἕτερον,
1225 4170 1319 4268 quod

262 4294 431 4391 sequitur,
449 4294 614 4364 immutari
632 4296 790 4390 potuerit.
