<?xml version="1.0" encoding="UTF-8"?>
<!DOCTYPE html PUBLIC "-//W3C//DTD XHTML 1.0 Transitional//EN"
    "http://www.w3.org/TR/xhtml1/DTD/xhtml1-transitional.dtd">
<html xmlns="http://www.w3.org/1999/xhtml" xml:lang="en" lang="en">
 <head>
  <title>
</title>
<meta http-equiv="Content-Type" content="text/html;charset=utf-8" />
  <meta name='ocr-system' content='tesseract 3.04.00' />
  <meta name='ocr-capabilities' content='ocr_page ocr_carea ocr_par ocr_line ocrx_word'/>
</head>
<body>
  <div class='ocr_page' id='page_1' title='image "./symbolaecritica00prangoog_0057.png"; bbox 0 0 3054 5174; ppageno 0'>
   <div class='ocr_carea' id='block_1_1' title="bbox 773 439 822 518">
    <p class='ocr_par' dir='ltr' id='par_1_1' title="bbox 773 439 822 518">
     <span class='ocr_line' id='line_1_1' title="bbox 773 439 822 518; baseline 0 0"><span class='ocrx_word' id='word_1_1' title='bbox 773 439 822 518; x_wconf 72' lang='lat'><strong>48</strong></span> 
     </span>
    </p>
   </div>
   <div class='ocr_carea' id='block_1_2' title="bbox 725 545 872 552">
    <p class='ocr_par' dir='ltr' id='par_1_2' title="bbox 725 545 872 552">
     <span class='ocr_line' id='line_1_2' title="bbox 725 545 872 552; baseline 0.007 -2"><span class='ocrx_word' id='word_1_2' title='bbox 725 545 872 552; x_wconf 51' lang='grc' dir='ltr'><em>..η-*-</em></span> 
     </span>
    </p>
   </div>
   <div class='ocr_carea' id='block_1_3' title="bbox 266 667 1330 3026">
    <p class='ocr_par' dir='ltr' id='par_1_3' title="bbox 266 667 1330 3026">
     <span class='ocr_line' id='line_1_3' title="bbox 273 667 1326 768; baseline -0.009 -20"><span class='ocrx_word' id='word_1_3' title='bbox 273 669 496 768; x_wconf 80' lang='grc' dir='ltr'><em>κινούμενον</em></span> <span class='ocrx_word' id='word_1_4' title='bbox 524 670 566 741; x_wconf 77' lang='grc' dir='ltr'><strong>τὸ</strong></span> <span class='ocrx_word' id='word_1_5' title='bbox 595 667 635 742; x_wconf 77' lang='lat' dir='ltr'><strong>di·</strong></span> <span class='ocrx_word' id='word_1_6' title='bbox 664 669 748 765; x_wconf 81' lang='grc' dir='ltr'><em>παρ’</em></span> <span class='ocrx_word' id='word_1_7' title='bbox 777 669 943 764; x_wconf 79' lang='grc' dir='ltr'><em>ἠρεμοῦν</em></span> <span class='ocrx_word' id='word_1_8' title='bbox 970 668 1012 741; x_wconf 81' lang='grc' dir='ltr'><strong>τὸ</strong></span> <span class='ocrx_word' id='word_1_9' title='bbox 1048 673 1130 742; x_wconf 82' lang='grc' dir='ltr'><em>ἴσον</em></span> <span class='ocrx_word' id='word_1_10' title='bbox 1166 667 1326 768; x_wconf 74' lang='grc' dir='ltr'><em>μέγεθος</em></span> 
     </span>
     <span class='ocr_line' id='line_1_4' title="bbox 274 789 1326 893; baseline -0.011 -20"><span class='ocrx_word' id='word_1_11' title='bbox 274 803 404 884; x_wconf 78' lang='grc' dir='ltr'><em>ἀξιοῦν</em></span> <span class='ocrx_word' id='word_1_12' title='bbox 428 805 481 893; x_wconf 79' lang='grc' dir='ltr'><strong>τῷ</strong></span> <span class='ocrx_word' id='word_1_13' title='bbox 505 799 574 892; x_wconf 82' lang='grc' dir='ltr'><strong>ἴσῳ</strong></span> <span class='ocrx_word' id='word_1_14' title='bbox 599 791 700 889; x_wconf 78' lang='grc' dir='ltr'><em>τάχει</em></span> <span class='ocrx_word' id='word_1_15' title='bbox 719 794 787 868; x_wconf 79' lang='grc' dir='ltr'><strong>τὸν</strong></span> <span class='ocrx_word' id='word_1_16' title='bbox 803 799 886 868; x_wconf 84' lang='grc' dir='ltr'><em>ἴσον</em></span> <span class='ocrx_word' id='word_1_17' title='bbox 903 795 1084 891; x_wconf 77' lang='grc' dir='ltr'><em>φέρεσθαι</em></span> <span class='ocrx_word' id='word_1_18' title='bbox 1099 789 1240 890; x_wconf 85' lang='grc' dir='ltr'><em>χρόνον</em></span> <span class='ocrx_word' id='word_1_19' title='bbox 1258 794 1278 862; x_wconf 93' lang='lat' dir='ltr'><strong>i.</strong></span> <span class='ocrx_word' id='word_1_20' title='bbox 1297 817 1326 862; x_wconf 91' lang='lat' dir='ltr'><strong>e.</strong></span> 
     </span>
     <span class='ocr_line' id='line_1_5' title="bbox 274 919 1326 1020; baseline -0.008 -24"><span class='ocrx_word' id='word_1_21' title='bbox 274 927 496 1020; x_wconf 71' lang='lat' dir='ltr'><strong>dnecerpora</strong></span> <span class='ocrx_word' id='word_1_22' title='bbox 512 930 548 990; x_wconf 80' lang='grc' dir='ltr'><strong>ιῖο</strong></span> <span class='ocrx_word' id='word_1_23' title='bbox 564 921 673 991; x_wconf 76' lang='lat' dir='ltr'><strong>stadio</strong></span> <span class='ocrx_word' id='word_1_24' title='bbox 690 933 841 1002; x_wconf 76' lang='lat' dir='ltr'><strong>nument,</strong></span> <span class='ocrx_word' id='word_1_25' title='bbox 865 945 1002 1016; x_wconf 80' lang='lat' dir='ltr'><strong>qnorum</strong></span> <span class='ocrx_word' id='word_1_26' title='bbox 1019 919 1160 990; x_wconf 76' lang='lat' dir='ltr'><strong>alterum</strong></span> <span class='ocrx_word' id='word_1_27' title='bbox 1176 945 1200 990; x_wconf 89' lang='grc' dir='ltr'><em>α</em></span> <span class='ocrx_word' id='word_1_28' title='bbox 1220 919 1326 989; x_wconf 85' lang='lat' dir='ltr'><strong>medio</strong></span> 
     </span>
     <span class='ocr_line' id='line_1_6' title="bbox 273 1046 1327 1144; baseline -0.006 -24"><span class='ocrx_word' id='word_1_29' title='bbox 273 1051 380 1122; x_wconf 80' lang='lat' dir='ltr'><strong>stadio</strong></span> <span class='ocrx_word' id='word_1_30' title='bbox 397 1055 527 1144; x_wconf 72' lang='grc' dir='ltr'><strong>ιἰιεφίί,</strong></span> <span class='ocrx_word' id='word_1_31' title='bbox 551 1047 693 1118; x_wconf 81' lang='lat' dir='ltr'><strong>alterum</strong></span> <span class='ocrx_word' id='word_1_32' title='bbox 710 1046 830 1142; x_wconf 76' lang='lat' dir='ltr'><strong>afine3</strong></span> <span class='ocrx_word' id='word_1_33' title='bbox 854 1046 896 1116; x_wconf 82' lang='lat' dir='ltr'><strong>td</strong></span> <span class='ocrx_word' id='word_1_34' title='bbox 914 1054 1021 1139; x_wconf 68' lang='lat' dir='ltr'><strong>igitur</strong></span> <span class='ocrx_word' id='word_1_35' title='bbox 1042 1071 1172 1142; x_wconf 66' lang='lat' dir='ltr'><strong>eorpus,</strong></span> <span class='ocrx_word' id='word_1_36' title='bbox 1196 1046 1286 1142; x_wconf 80' lang='lat' dir='ltr'><strong>qued</strong></span> <span class='ocrx_word' id='word_1_37' title='bbox 1304 1071 1327 1114; x_wconf 91' lang='grc' dir='ltr'><em>α</em></span> 
     </span>
     <span class='ocr_line' id='line_1_7' title="bbox 273 1169 1327 1270; baseline -0.006 -25"><span class='ocrx_word' id='word_1_38' title='bbox 273 1176 380 1245; x_wconf 85' lang='lat' dir='ltr'><strong>medio</strong></span> <span class='ocrx_word' id='word_1_39' title='bbox 397 1182 579 1270; x_wconf 70' lang='lat' dir='ltr'><em>inceperat,</em></span> <span class='ocrx_word' id='word_1_40' title='bbox 602 1173 776 1243; x_wconf 69' lang='lat' dir='ltr'><strong>dimidium</strong></span> <span class='ocrx_word' id='word_1_41' title='bbox 801 1171 904 1242; x_wconf 76' lang='lat' dir='ltr'><strong>stadii</strong></span> <span class='ocrx_word' id='word_1_42' title='bbox 929 1169 1041 1242; x_wconf 78' lang='lat' dir='ltr'><strong>adhue</strong></span> <span class='ocrx_word' id='word_1_43' title='bbox 1048 1197 1253 1269; x_wconf 80' lang='lat' dir='ltr'><strong>percurrere</strong></span> <span class='ocrx_word' id='word_1_44' title='bbox 1270 1171 1327 1240; x_wconf 79' lang='lat' dir='ltr'><strong>de-</strong></span> 
     </span>
     <span class='ocr_line' id='line_1_8' title="bbox 275 1294 1328 1394; baseline -0.006 -23"><span class='ocrx_word' id='word_1_45' title='bbox 275 1298 343 1382; x_wconf 64' lang='lat' dir='ltr'><strong>bet·</strong></span> <span class='ocrx_word' id='word_1_46' title='bbox 360 1301 401 1370; x_wconf 81' lang='lat' dir='ltr'><strong>id</strong></span> <span class='ocrx_word' id='word_1_47' title='bbox 407 1311 525 1379; x_wconf 71' lang='lat' dir='ltr'><strong>autent,</strong></span> <span class='ocrx_word' id='word_1_48' title='bbox 543 1298 633 1394; x_wconf 77' lang='lat' dir='ltr'><strong>qemd</strong></span> <span class='ocrx_word' id='word_1_49' title='bbox 639 1324 663 1366; x_wconf 86' lang='lat' dir='ltr'><strong><em>a</em></strong></span> <span class='ocrx_word' id='word_1_50' title='bbox 666 1297 745 1392; x_wconf 84' lang='lat' dir='ltr'><strong>fine</strong></span> <span class='ocrx_word' id='word_1_51' title='bbox 756 1305 933 1394; x_wconf 76' lang='lat' dir='ltr'><em>inceperat,</em></span> <span class='ocrx_word' id='word_1_52' title='bbox 946 1311 1048 1368; x_wconf 79' lang='lat' dir='ltr'><strong>toteem</strong></span> <span class='ocrx_word' id='word_1_53' title='bbox 1057 1297 1203 1367; x_wconf 73' lang='lat' dir='ltr'><strong>stadium</strong></span> <span class='ocrx_word' id='word_1_54' title='bbox 1216 1294 1328 1366; x_wconf 79' lang='lat' dir='ltr'><strong>adduc</strong></span> 
     </span>
     <span class='ocr_line' id='line_1_9' title="bbox 266 1419 1328 1524; baseline -0.006 -29"><span class='ocrx_word' id='word_1_55' title='bbox 266 1441 469 1524; x_wconf 78' lang='lat' dir='ltr'><strong>percurrere</strong></span> <span class='ocrx_word' id='word_1_56' title='bbox 485 1419 594 1506; x_wconf 58' lang='lat' dir='ltr'><strong>debet·</strong></span> <span class='ocrx_word' id='word_1_57' title='bbox 617 1449 672 1492; x_wconf 77' lang='lat' dir='ltr'><strong>ree</strong></span> <span class='ocrx_word' id='word_1_58' title='bbox 688 1449 764 1492; x_wconf 82' lang='lat' dir='ltr'><strong>nero</strong></span> <span class='ocrx_word' id='word_1_59' title='bbox 781 1431 831 1492; x_wconf 81' lang='lat' dir='ltr'><strong>ite</strong></span> <span class='ocrx_word' id='word_1_60' title='bbox 848 1437 927 1494; x_wconf 77' lang='lat' dir='ltr'><strong>acta</strong></span> <span class='ocrx_word' id='word_1_61' title='bbox 944 1449 1012 1493; x_wconf 76' lang='lat' dir='ltr'><strong>erse</strong></span> <span class='ocrx_word' id='word_1_62' title='bbox 1029 1419 1136 1504; x_wconf 81' lang='lat' dir='ltr'><strong>debet,</strong></span> <span class='ocrx_word' id='word_1_63' title='bbox 1159 1435 1199 1491; x_wconf 72' lang='lat' dir='ltr'><strong>nt</strong></span> <span class='ocrx_word' id='word_1_64' title='bbox 1218 1421 1328 1490; x_wconf 84' lang='lat' dir='ltr'><strong>eodem</strong></span> 
     </span>
     <span class='ocr_line' id='line_1_10' title="bbox 275 1548 1328 1649; baseline -0.006 -28"><span class='ocrx_word' id='word_1_65' title='bbox 275 1567 417 1649; x_wconf 79' lang='lat' dir='ltr'><strong>tempore</strong></span> <span class='ocrx_word' id='word_1_66' title='bbox 428 1575 533 1618; x_wconf 61' lang='grc' dir='ltr'><em>,εαιιαι</em></span> <span class='ocrx_word' id='word_1_67' title='bbox 557 1563 729 1646; x_wconf 76' lang='lat' dir='ltr'><strong>utrumqne</strong></span> <span class='ocrx_word' id='word_1_68' title='bbox 746 1574 878 1618; x_wconf 75' lang='grc' dir='ltr'><em>οανιιαα</em></span> <span class='ocrx_word' id='word_1_69' title='bbox 885 1551 1060 1647; x_wconf 65' lang='lat' dir='ltr'><strong>persimile,</strong></span> <span class='ocrx_word' id='word_1_70' title='bbox 1084 1557 1107 1624; x_wconf 84' lang='grc' dir='ltr'><strong>α’.</strong></span> <span class='ocrx_word' id='word_1_71' title='bbox 1131 1575 1159 1620; x_wconf 90' lang='lat' dir='ltr'><strong>e.</strong></span> <span class='ocrx_word' id='word_1_72' title='bbox 1178 1561 1219 1617; x_wconf 79' lang='lat' dir='ltr'><strong>nt</strong></span> <span class='ocrx_word' id='word_1_73' title='bbox 1232 1548 1328 1618; x_wconf 82' lang='lat' dir='ltr'><strong>dimi-</strong></span> 
     </span>
     <span class='ocr_line' id='line_1_11' title="bbox 275 1673 1329 1772; baseline -0.008 -24"><span class='ocrx_word' id='word_1_74' title='bbox 275 1678 366 1748; x_wconf 74' lang='lat' dir='ltr'><strong>dium</strong></span> <span class='ocrx_word' id='word_1_75' title='bbox 390 1683 559 1772; x_wconf 81' lang='lat' dir='ltr'><strong>temporie,</strong></span> <span class='ocrx_word' id='word_1_76' title='bbox 588 1701 649 1771; x_wconf 81' lang='lat' dir='ltr'><strong>qne</strong></span> <span class='ocrx_word' id='word_1_77' title='bbox 674 1699 754 1771; x_wconf 80' lang='lat' dir='ltr'><strong>opne</strong></span> <span class='ocrx_word' id='word_1_78' title='bbox 775 1689 861 1744; x_wconf 76' lang='lat' dir='ltr'><strong>esset</strong></span> <span class='ocrx_word' id='word_1_79' title='bbox 877 1675 930 1745; x_wconf 82' lang='lat' dir='ltr'><strong>nd</strong></span> <span class='ocrx_word' id='word_1_80' title='bbox 941 1673 1209 1772; x_wconf 75' lang='lat' dir='ltr'><strong>permerremlnm</strong></span> <span class='ocrx_word' id='word_1_81' title='bbox 1232 1673 1329 1742; x_wconf 81' lang='lat' dir='ltr'><strong>climi-</strong></span> 
     </span>
     <span class='ocr_line' id='line_1_12' title="bbox 275 1799 1330 1898; baseline -0.004 -26"><span class='ocrx_word' id='word_1_82' title='bbox 275 1803 380 1884; x_wconf 84' lang='lat' dir='ltr'><strong>de&#39;nm,</strong></span> <span class='ocrx_word' id='word_1_83' title='bbox 397 1809 455 1870; x_wconf 78' lang='lat' dir='ltr'><strong>toti</strong></span> <span class='ocrx_word' id='word_1_84' title='bbox 468 1808 619 1898; x_wconf 67' lang='grc' dir='ltr'><strong>εενφοια,</strong></span> <span class='ocrx_word' id='word_1_85' title='bbox 637 1826 698 1896; x_wconf 84' lang='lat' dir='ltr'><strong>quo</strong></span> <span class='ocrx_word' id='word_1_86' title='bbox 711 1825 791 1897; x_wconf 71' lang='lat' dir='ltr'><strong>epus</strong></span> <span class='ocrx_word' id='word_1_87' title='bbox 801 1813 886 1870; x_wconf 71' lang='lat' dir='ltr'><strong>esset</strong></span> <span class='ocrx_word' id='word_1_88' title='bbox 896 1799 1217 1898; x_wconf 80' lang='lat' dir='ltr'><strong>adperceerrendnm</strong></span> <span class='ocrx_word' id='word_1_89' title='bbox 1228 1811 1330 1868; x_wconf 78' lang='lat' dir='ltr'><strong>eouem</strong></span> 
     </span>
     <span class='ocr_line' id='line_1_13' title="bbox 274 1923 1329 2022; baseline -0.005 -24"><span class='ocrx_word' id='word_1_90' title='bbox 274 1928 432 2008; x_wconf 77' lang='lat' dir='ltr'><strong>stadium,</strong></span> <span class='ocrx_word' id='word_1_91' title='bbox 450 1923 589 2022; x_wconf 80' lang='lat' dir='ltr'><strong>aequale</strong></span> <span class='ocrx_word' id='word_1_92' title='bbox 603 1925 771 2008; x_wconf 60' lang='lat' dir='ltr'><strong>nidoclem</strong></span> <span class='ocrx_word' id='word_1_93' title='bbox 787 1924 886 1995; x_wconf 78' lang='lat' dir='ltr'><strong>deinc</strong></span> <span class='ocrx_word' id='word_1_94' title='bbox 902 1951 978 1996; x_wconf 82' lang='lat' dir='ltr'><strong>vere</strong></span> <span class='ocrx_word' id='word_1_95' title='bbox 996 1934 1118 1996; x_wconf 65' lang='lat' dir='ltr'><strong>erroris</strong></span> <span class='ocrx_word' id='word_1_96' title='bbox 1131 1949 1236 1994; x_wconf 78' lang='grc' dir='ltr'><em>οααεα</em></span> <span class='ocrx_word' id='word_1_97' title='bbox 1248 1935 1329 2004; x_wconf 69' lang='lat' dir='ltr'><strong>erat</strong></span> 
     </span>
     <span class='ocr_line' id='line_1_14' title="bbox 275 2045 1330 2150; baseline 0.002 -28"><span class='ocrx_word' id='word_1_98' title='bbox 275 2053 364 2150; x_wconf 81' lang='lat' dir='ltr'><strong>qnod</strong></span> <span class='ocrx_word' id='word_1_99' title='bbox 381 2050 424 2124; x_wconf 85' lang='grc' dir='ltr'><strong>τὸ</strong></span> <span class='ocrx_word' id='word_1_100' title='bbox 449 2049 520 2146; x_wconf 74' lang='grc' dir='ltr'><strong>μέν</strong></span> <span class='ocrx_word' id='word_1_101' title='bbox 542 2050 644 2148; x_wconf 86' lang='grc' dir='ltr'><em>παρὰ</em></span> <span class='ocrx_word' id='word_1_102' title='bbox 668 2045 892 2146; x_wconf 81' lang='grc' dir='ltr'><em>κινούμενον</em></span> <span class='ocrx_word' id='word_1_103' title='bbox 913 2050 955 2124; x_wconf 76' lang='grc' dir='ltr'><strong>τὸ</strong></span> <span class='ocrx_word' id='word_1_104' title='bbox 981 2048 1021 2125; x_wconf 76' lang='grc' dir='ltr'><strong>δέ</strong></span> <span class='ocrx_word' id='word_1_105' title='bbox 1048 2051 1133 2148; x_wconf 79' lang='grc' dir='ltr'><em>παρ’</em></span> <span class='ocrx_word' id='word_1_106' title='bbox 1165 2051 1330 2147; x_wconf 83' lang='grc' dir='ltr'><em>ἠρεμοῦν</em></span> 
     </span>
     <span class='ocr_line' id='line_1_15' title="bbox 274 2171 1327 2262; baseline -0.004 -14"><span class='ocrx_word' id='word_1_107' title='bbox 274 2175 479 2261; x_wconf 76' lang='lat' dir='ltr'><strong>monebatur,</strong></span> <span class='ocrx_word' id='word_1_108' title='bbox 497 2179 519 2247; x_wconf 92' lang='lat' dir='ltr'><strong>i.</strong></span> <span class='ocrx_word' id='word_1_109' title='bbox 532 2201 561 2247; x_wconf 94' lang='lat' dir='ltr'><strong>e.</strong></span> <span class='ocrx_word' id='word_1_110' title='bbox 580 2173 678 2247; x_wconf 83' lang='lat' dir='ltr'><strong>Zeno</strong></span> <span class='ocrx_word' id='word_1_111' title='bbox 692 2202 759 2246; x_wconf 90' lang='lat' dir='ltr'><strong>non</strong></span> <span class='ocrx_word' id='word_1_112' title='bbox 778 2175 1024 2262; x_wconf 83' lang='lat' dir='ltr'><strong>animadvertit,</strong></span> <span class='ocrx_word' id='word_1_113' title='bbox 1041 2171 1141 2247; x_wconf 85' lang='lat' dir='ltr'><strong>lacile</strong></span> <span class='ocrx_word' id='word_1_114' title='bbox 1158 2179 1240 2246; x_wconf 82' lang='lat' dir='ltr'><strong>snn&#39;e</strong></span> <span class='ocrx_word' id='word_1_115' title='bbox 1257 2174 1327 2245; x_wconf 88' lang='lat' dir='ltr'><strong>lieri</strong></span> 
     </span>
     <span class='ocr_line' id='line_1_16' title="bbox 276 2300 1326 2402; baseline -0.009 -26"><span class='ocrx_word' id='word_1_116' title='bbox 276 2327 396 2402; x_wconf 81' lang='lat' dir='ltr'><strong>posse,</strong></span> <span class='ocrx_word' id='word_1_117' title='bbox 428 2314 466 2373; x_wconf 90' lang='lat' dir='ltr'><strong>ut</strong></span> <span class='ocrx_word' id='word_1_118' title='bbox 496 2301 637 2372; x_wconf 80' lang='lat' dir='ltr'><strong>alterum</strong></span> <span class='ocrx_word' id='word_1_119' title='bbox 666 2325 792 2398; x_wconf 84' lang='lat' dir='ltr'><strong>corpus</strong></span> <span class='ocrx_word' id='word_1_120' title='bbox 827 2300 998 2398; x_wconf 82' lang='lat' dir='ltr'><strong>duplicem</strong></span> <span class='ocrx_word' id='word_1_121' title='bbox 1033 2303 1120 2372; x_wconf 82' lang='lat' dir='ltr'><strong>viam</strong></span> <span class='ocrx_word' id='word_1_122' title='bbox 1144 2309 1326 2397; x_wconf 83' lang='lat' dir='ltr'>percurrat,</span> 
     </span>
     <span class='ocr_line' id='line_1_17' title="bbox 276 2424 1326 2527; baseline -0.006 -27"><span class='ocrx_word' id='word_1_123' title='bbox 276 2455 376 2527; x_wconf 84' lang='lat' dir='ltr'><strong>quam</strong></span> <span class='ocrx_word' id='word_1_124' title='bbox 395 2428 552 2512; x_wconf 82' lang='lat' dir='ltr'><strong>alterum,</strong></span> <span class='ocrx_word' id='word_1_125' title='bbox 576 2424 745 2524; x_wconf 82' lang='lat' dir='ltr'><strong>siquidem</strong></span> <span class='ocrx_word' id='word_1_126' title='bbox 762 2425 845 2498; x_wconf 93' lang='lat' dir='ltr'><strong>illud</strong></span> <span class='ocrx_word' id='word_1_127' title='bbox 873 2438 991 2498; x_wconf 83' lang='lat' dir='ltr'><strong>eontra</strong></span> <span class='ocrx_word' id='word_1_128' title='bbox 1016 2452 1142 2524; x_wconf 85' lang='lat' dir='ltr'><strong>corpus</strong></span> <span class='ocrx_word' id='word_1_129' title='bbox 1165 2438 1200 2498; x_wconf 89' lang='lat' dir='ltr'><strong>et</strong></span> <span class='ocrx_word' id='word_1_130' title='bbox 1217 2427 1326 2522; x_wconf 83' lang='lat' dir='ltr'><strong>ipsum</strong></span> 
     </span>
     <span class='ocr_line' id='line_1_18' title="bbox 277 2547 1328 2651; baseline -0.005 -26"><span class='ocrx_word' id='word_1_131' title='bbox 277 2577 417 2625; x_wconf 82' lang='lat' dir='ltr'><strong>cuneus</strong></span> <span class='ocrx_word' id='word_1_132' title='bbox 436 2553 555 2638; x_wconf 83' lang='lat' dir='ltr'><strong>currit,</strong></span> <span class='ocrx_word' id='word_1_133' title='bbox 572 2551 640 2623; x_wconf 88' lang='lat' dir='ltr'><strong>hnc</strong></span> <span class='ocrx_word' id='word_1_134' title='bbox 658 2577 740 2624; x_wconf 89' lang='lat' dir='ltr'><strong>vero</strong></span> <span class='ocrx_word' id='word_1_135' title='bbox 760 2564 879 2624; x_wconf 86' lang='lat' dir='ltr'><strong>contra</strong></span> <span class='ocrx_word' id='word_1_136' title='bbox 898 2555 1090 2651; x_wconf 81' lang='lat' dir='ltr'><strong>quiescens.</strong></span> <span class='ocrx_word' id='word_1_137' title='bbox 1119 2547 1167 2623; x_wconf 85' lang='lat' dir='ltr'><strong>Si</strong></span> <span class='ocrx_word' id='word_1_138' title='bbox 1192 2563 1328 2623; x_wconf 86' lang='lat' dir='ltr'><strong>autem</strong></span> 
     </span>
     <span class='ocr_line' id='line_1_19' title="bbox 276 2674 1329 2775; baseline -0.004 -25"><span class='ocrx_word' id='word_1_139' title='bbox 276 2683 318 2750; x_wconf 93' lang='lat' dir='ltr'><strong>in</strong></span> <span class='ocrx_word' id='word_1_140' title='bbox 344 2677 483 2750; x_wconf 79' lang='lat' dir='ltr'><strong>stadio</strong></span> <span class='ocrx_word' id='word_1_141' title='bbox 509 2677 685 2750; x_wconf 88' lang='lat' dir='ltr'><strong>duorum</strong></span> <span class='ocrx_word' id='word_1_142' title='bbox 705 2703 927 2775; x_wconf 88' lang='lat' dir='ltr'><strong>corporum</strong></span> <span class='ocrx_word' id='word_1_143' title='bbox 956 2679 1136 2750; x_wconf 87' lang='lat' dir='ltr'><strong>alterum</strong></span> <span class='ocrx_word' id='word_1_144' title='bbox 1154 2704 1172 2748; x_wconf 81' lang='lat' dir='ltr'>a</span> <span class='ocrx_word' id='word_1_145' title='bbox 1191 2674 1329 2748; x_wconf 91' lang='lat' dir='ltr'><strong>medio</strong></span> 
     </span>
     <span class='ocr_line' id='line_1_20' title="bbox 276 2801 1329 2889; baseline -0.005 -12"><span class='ocrx_word' id='word_1_146' title='bbox 276 2805 453 2877; x_wconf 85' lang='lat' dir='ltr'><strong>alterum</strong></span> <span class='ocrx_word' id='word_1_147' title='bbox 480 2831 499 2874; x_wconf 83' lang='lat' dir='ltr'>a</span> <span class='ocrx_word' id='word_1_148' title='bbox 525 2803 615 2875; x_wconf 89' lang='lat' dir='ltr'><strong>line</strong></span> <span class='ocrx_word' id='word_1_149' title='bbox 641 2805 791 2889; x_wconf 86' lang='lat' dir='ltr'><strong>currit,</strong></span> <span class='ocrx_word' id='word_1_150' title='bbox 810 2829 856 2874; x_wconf 85' lang='lat' dir='ltr'><strong>ea</strong></span> <span class='ocrx_word' id='word_1_151' title='bbox 883 2801 1041 2875; x_wconf 89' lang='lat' dir='ltr'><strong>demum</strong></span> <span class='ocrx_word' id='word_1_152' title='bbox 1073 2801 1329 2874; x_wconf 83' lang='lat' dir='ltr'><strong>conditione</strong></span> 
     </span>
     <span class='ocr_line' id='line_1_21' title="bbox 277 2928 1330 3026; baseline -0.003 -24"><span class='ocrx_word' id='word_1_153' title='bbox 277 2930 426 3002; x_wconf 87' lang='lat' dir='ltr'><strong>eodem</strong></span> <span class='ocrx_word' id='word_1_154' title='bbox 462 2943 654 3026; x_wconf 87' lang='lat' dir='ltr'><strong>tempere</strong></span> <span class='ocrx_word' id='word_1_155' title='bbox 688 2941 911 3026; x_wconf 85' lang='lat' dir='ltr'><strong>utrumque</strong></span> <span class='ocrx_word' id='word_1_156' title='bbox 952 2928 1003 3000; x_wconf 79' lang='lat' dir='ltr'><strong>ad</strong></span> <span class='ocrx_word' id='word_1_157' title='bbox 1045 2928 1176 3000; x_wconf 86' lang='lat' dir='ltr'><strong>linem</strong></span> <span class='ocrx_word' id='word_1_158' title='bbox 1215 2955 1330 3000; x_wconf 84' lang='lat' dir='ltr'><strong>suum</strong></span> 
     </span>
    </p>
   </div>
   <div class='ocr_carea' id='block_1_4' title="bbox 276 3050 1329 3155">
    <p class='ocr_par' dir='ltr' id='par_1_4' title="bbox 276 3050 1329 3155">
     <span class='ocr_line' id='line_1_22' title="bbox 276 3050 1329 3155; baseline -0.004 -27"><span class='ocrx_word' id='word_1_159' title='bbox 276 3057 521 3155; x_wconf 81' lang='lat' dir='ltr'><strong>perveniet,</strong></span> <span class='ocrx_word' id='word_1_160' title='bbox 552 3066 597 3124; x_wconf 92' lang='lat' dir='ltr'><strong>ut</strong></span> <span class='ocrx_word' id='word_1_161' title='bbox 625 3050 710 3140; x_wconf 89' lang='lat' dir='ltr'><strong>illi,</strong></span> <span class='ocrx_word' id='word_1_162' title='bbox 744 3053 856 3152; x_wconf 88' lang='lat' dir='ltr'><strong>quod</strong></span> <span class='ocrx_word' id='word_1_163' title='bbox 886 3057 934 3128; x_wconf 84' lang='lat' dir='ltr'><strong>ab</strong></span> <span class='ocrx_word' id='word_1_164' title='bbox 970 3067 1159 3125; x_wconf 87' lang='lat' dir='ltr'><strong>extremo</strong></span> <span class='ocrx_word' id='word_1_165' title='bbox 1191 3052 1329 3125; x_wconf 82' lang='lat' dir='ltr'><strong>stadio</strong></span> 
     </span>
    </p>
   </div>
   <div class='ocr_carea' id='block_1_5' title="bbox 276 3179 1332 4409">
    <p class='ocr_par' dir='ltr' id='par_1_5' title="bbox 276 3179 1332 4409">
     <span class='ocr_line' id='line_1_23' title="bbox 278 3179 1329 3276; baseline -0.006 -21"><span class='ocrx_word' id='word_1_166' title='bbox 278 3209 441 3254; x_wconf 87' lang='lat' dir='ltr'><strong>cursum</strong></span> <span class='ocrx_word' id='word_1_167' title='bbox 481 3183 706 3267; x_wconf 84' lang='lat' dir='ltr'><strong>instituit,</strong></span> <span class='ocrx_word' id='word_1_168' title='bbox 753 3179 935 3252; x_wconf 79' lang='lat' dir='ltr'><strong>stadium</strong></span> <span class='ocrx_word' id='word_1_169' title='bbox 980 3182 1115 3276; x_wconf 84' lang='lat' dir='ltr'><strong>ipsum</strong></span> <span class='ocrx_word' id='word_1_170' title='bbox 1161 3182 1329 3253; x_wconf 87' lang='lat' dir='ltr'><strong>obviam</strong></span> 
     </span>
     <span class='ocr_line' id='line_1_24' title="bbox 277 3304 1329 3402; baseline -0.004 -22"><span class='ocrx_word' id='word_1_171' title='bbox 277 3320 438 3392; x_wconf 69' lang='lat' dir='ltr'><strong>curret,</strong></span> <span class='ocrx_word' id='word_1_172' title='bbox 471 3319 512 3378; x_wconf 92' lang='lat' dir='ltr'><strong>et</strong></span> <span class='ocrx_word' id='word_1_173' title='bbox 545 3319 646 3378; x_wconf 90' lang='lat' dir='ltr'><strong>tunc</strong></span> <span class='ocrx_word' id='word_1_174' title='bbox 671 3331 820 3377; x_wconf 84' lang='lat' dir='ltr'><strong>revera</strong></span> <span class='ocrx_word' id='word_1_175' title='bbox 844 3304 1002 3402; x_wconf 81' lang='lat' dir='ltr'><strong>duplex</strong></span> <span class='ocrx_word' id='word_1_176' title='bbox 1028 3317 1196 3402; x_wconf 87' lang='lat' dir='ltr'><strong>tempus</strong></span> <span class='ocrx_word' id='word_1_177' title='bbox 1228 3308 1329 3377; x_wconf 86' lang='lat' dir='ltr'><strong>sim-</strong></span> 
     </span>
     <span class='ocr_line' id='line_1_25' title="bbox 278 3429 1330 3531; baseline -0.002 -27"><span class='ocrx_word' id='word_1_178' title='bbox 278 3434 390 3531; x_wconf 82' lang='lat' dir='ltr'><strong>plici</strong></span> <span class='ocrx_word' id='word_1_179' title='bbox 414 3433 593 3530; x_wconf 81' lang='lat' dir='ltr'><strong>aequale</strong></span> <span class='ocrx_word' id='word_1_180' title='bbox 621 3455 718 3503; x_wconf 86' lang='lat' dir='ltr'><strong>esse</strong></span> <span class='ocrx_word' id='word_1_181' title='bbox 742 3430 924 3502; x_wconf 84' lang='lat' dir='ltr'><strong>videtur.</strong></span> <span class='ocrx_word' id='word_1_182' title='bbox 974 3429 1085 3502; x_wconf 84' lang='lat' dir='ltr'><strong>Aliter</strong></span> <span class='ocrx_word' id='word_1_183' title='bbox 1106 3432 1193 3503; x_wconf 78' lang='lat' dir='ltr'><strong>haee</strong></span> <span class='ocrx_word' id='word_1_184' title='bbox 1217 3433 1330 3528; x_wconf 84' lang='lat' dir='ltr'><strong>priora</strong></span> 
     </span>
     <span class='ocr_line' id='line_1_26' title="bbox 277 3555 1330 3656; baseline -0.006 -24"><span class='ocrx_word' id='word_1_185' title='bbox 277 3558 475 3632; x_wconf 81' lang='lat' dir='ltr'><strong>Aristotelis</strong></span> <span class='ocrx_word' id='word_1_186' title='bbox 492 3558 597 3630; x_wconf 80' lang='lat' dir='ltr'><strong>verba</strong></span> <span class='ocrx_word' id='word_1_187' title='bbox 616 3558 777 3656; x_wconf 82' lang='lat' dir='ltr'><strong>explicari</strong></span> <span class='ocrx_word' id='word_1_188' title='bbox 795 3583 863 3628; x_wconf 90' lang='lat' dir='ltr'><strong>non</strong></span> <span class='ocrx_word' id='word_1_189' title='bbox 882 3568 1042 3654; x_wconf 89' lang='lat' dir='ltr'><strong>possunt,</strong></span> <span class='ocrx_word' id='word_1_190' title='bbox 1064 3581 1131 3628; x_wconf 88' lang='lat' dir='ltr'><strong>nec</strong></span> <span class='ocrx_word' id='word_1_191' title='bbox 1155 3555 1330 3628; x_wconf 87' lang='lat' dir='ltr'><strong>offendere</strong></span> 
     </span>
     <span class='ocr_line' id='line_1_27' title="bbox 277 3682 1331 3783; baseline -0.001 -28"><span class='ocrx_word' id='word_1_192' title='bbox 277 3695 407 3782; x_wconf 80' lang='lat' dir='ltr'><strong>potest,</strong></span> <span class='ocrx_word' id='word_1_193' title='bbox 435 3683 528 3783; x_wconf 88' lang='lat' dir='ltr'><strong>quod</strong></span> <span class='ocrx_word' id='word_1_194' title='bbox 553 3683 698 3755; x_wconf 85' lang='lat' dir='ltr'><strong>stadium</strong></span> <span class='ocrx_word' id='word_1_195' title='bbox 723 3684 833 3778; x_wconf 81' lang='lat' dir='ltr'><strong>ipsum</strong></span> <span class='ocrx_word' id='word_1_196' title='bbox 861 3685 990 3766; x_wconf 86' lang='lat' dir='ltr'><strong>moveri</strong></span> <span class='ocrx_word' id='word_1_197' title='bbox 1016 3682 1164 3769; x_wconf 60' lang='lat' dir='ltr'><strong>dicatum</strong></span> <span class='ocrx_word' id='word_1_198' title='bbox 1195 3685 1331 3780; x_wconf 83' lang='lat' dir='ltr'><strong>saepius</strong></span> 
     </span>
     <span class='ocr_line' id='line_1_28' title="bbox 279 3807 1332 3905; baseline -0.001 -25"><span class='ocrx_word' id='word_1_199' title='bbox 279 3811 368 3880; x_wconf 91' lang='lat' dir='ltr'><strong>enim</strong></span> <span class='ocrx_word' id='word_1_200' title='bbox 387 3820 507 3879; x_wconf 83' lang='lat' dir='ltr'><strong>auctor</strong></span> <span class='ocrx_word' id='word_1_201' title='bbox 523 3807 677 3895; x_wconf 83' lang='lat' dir='ltr'><strong>affirmat,</strong></span> <span class='ocrx_word' id='word_1_202' title='bbox 694 3807 840 3905; x_wconf 86' lang='lat' dir='ltr'><strong>perinde</strong></span> <span class='ocrx_word' id='word_1_203' title='bbox 858 3833 952 3894; x_wconf 83' lang='lat' dir='ltr'><strong>esse,</strong></span> <span class='ocrx_word' id='word_1_204' title='bbox 970 3835 1048 3878; x_wconf 91' lang='lat' dir='ltr'><strong>num</strong></span> <span class='ocrx_word' id='word_1_205' title='bbox 1061 3835 1124 3880; x_wconf 82' lang='lat' dir='ltr'><strong>nos</strong></span> <span class='ocrx_word' id='word_1_206' title='bbox 1136 3833 1332 3880; x_wconf 85' lang='lat' dir='ltr'><strong>moveamur</strong></span> 
     </span>
     <span class='ocr_line' id='line_1_29' title="bbox 278 3932 1331 4032; baseline 0.004 -28"><span class='ocrx_word' id='word_1_207' title='bbox 278 3961 320 4004; x_wconf 81' lang='lat' dir='ltr'><strong>an</strong></span> <span class='ocrx_word' id='word_1_208' title='bbox 338 3959 393 4005; x_wconf 88' lang='lat' dir='ltr'><strong>res</strong></span> <span class='ocrx_word' id='word_1_209' title='bbox 412 3933 541 4029; x_wconf 69' lang='grc' dir='ltr'><em>(οὐδέν</em></span> <span class='ocrx_word' id='word_1_210' title='bbox 568 3933 734 4032; x_wconf 72' lang='grc' dir='ltr'><em>διαφέρει</em></span> <span class='ocrx_word' id='word_1_211' title='bbox 760 3933 1008 4031; x_wconf 75' lang='grc' dir='ltr'><em>ὁποτερονοῦν</em></span> <span class='ocrx_word' id='word_1_212' title='bbox 1032 3934 1125 4009; x_wconf 78' lang='grc' dir='ltr'><em>εἶναι</em></span> <span class='ocrx_word' id='word_1_213' title='bbox 1145 3934 1186 4008; x_wconf 75' lang='grc' dir='ltr'><strong>τὸ</strong></span> <span class='ocrx_word' id='word_1_214' title='bbox 1204 3932 1331 4008; x_wconf 85' lang='grc' dir='ltr'><em>κινού-</em></span> 
     </span>
     <span class='ocr_line' id='line_1_30' title="bbox 276 4055 1330 4160; baseline 0 -26"><span class='ocrx_word' id='word_1_215' title='bbox 276 4085 393 4158; x_wconf 81' lang='grc' dir='ltr'><em>μενον</em></span> <span class='ocrx_word' id='word_1_216' title='bbox 410 4056 477 4145; x_wconf 86' lang='lat' dir='ltr'><strong>Vl,</strong></span> <span class='ocrx_word' id='word_1_217' title='bbox 494 4060 529 4145; x_wconf 83' lang='lat'><strong>7,</strong></span> <span class='ocrx_word' id='word_1_218' title='bbox 546 4085 578 4157; x_wconf 85' lang='lat' dir='ltr'><strong>p.</strong></span> <span class='ocrx_word' id='word_1_219' title='bbox 597 4055 681 4144; x_wconf 85' lang='lat'>238,</span> <span class='ocrx_word' id='word_1_220' title='bbox 700 4060 732 4142; x_wconf 87' lang='lat' dir='ltr'><strong>b,</strong></span> <span class='ocrx_word' id='word_1_221' title='bbox 751 4058 790 4146; x_wconf 74' lang='lat'><strong>33</strong></span> <span class='ocrx_word' id='word_1_222' title='bbox 814 4059 927 4136; x_wconf 78' lang='grc' dir='ltr'><em>οὐδὲν</em></span> <span class='ocrx_word' id='word_1_223' title='bbox 944 4061 1111 4160; x_wconf 68' lang='grc' dir='ltr'><em>διαφέρει</em></span> <span class='ocrx_word' id='word_1_224' title='bbox 1129 4066 1245 4134; x_wconf 84' lang='grc' dir='ltr'><em>κινεῖν</em></span> <span class='ocrx_word' id='word_1_225' title='bbox 1261 4059 1330 4154; x_wconf 79' lang='grc' dir='ltr'><strong>τὴν</strong></span> 
     </span>
     <span class='ocr_line' id='line_1_31' title="bbox 278 4181 1330 4284; baseline -0.002 -24"><span class='ocrx_word' id='word_1_226' title='bbox 278 4187 369 4284; x_wconf 82' lang='grc' dir='ltr'><em>ὄφιν</em></span> <span class='ocrx_word' id='word_1_227' title='bbox 386 4183 409 4279; x_wconf 82' lang='grc' dir='ltr'><em>ἢ</em></span> <span class='ocrx_word' id='word_1_228' title='bbox 428 4185 469 4258; x_wconf 81' lang='lat' dir='ltr'><strong>nd</strong></span> <span class='ocrx_word' id='word_1_229' title='bbox 489 4182 692 4284; x_wconf 76' lang='grc' dir='ltr'><em>ὁρώμενον,</em></span> <span class='ocrx_word' id='word_1_230' title='bbox 711 4181 741 4254; x_wconf 92' lang='lat' dir='ltr'><strong>d.</strong></span> <span class='ocrx_word' id='word_1_231' title='bbox 761 4185 847 4256; x_wconf 87' lang='lat' dir='ltr'><strong>coel.</strong></span> <span class='ocrx_word' id='word_1_232' title='bbox 864 4181 913 4272; x_wconf 89' lang='grc' dir='ltr'><strong>Π,</strong></span> <span class='ocrx_word' id='word_1_233' title='bbox 939 4183 978 4271; x_wconf 89' lang='lat'><strong>8,</strong></span> <span class='ocrx_word' id='word_1_234' title='bbox 1001 4213 1033 4282; x_wconf 88' lang='lat' dir='ltr'><strong>p.</strong></span> <span class='ocrx_word' id='word_1_235' title='bbox 1051 4181 1140 4270; x_wconf 79' lang='grc'><strong>290,</strong></span> <span class='ocrx_word' id='word_1_236' title='bbox 1157 4181 1222 4271; x_wconf 69' lang='grc'><strong>24;</strong></span> <span class='ocrx_word' id='word_1_237' title='bbox 1247 4183 1330 4259; x_wconf 79' lang='grc' dir='ltr'><em>δια-</em></span> 
     </span>
     <span class='ocr_line' id='line_1_32' title="bbox 278 4307 1329 4409; baseline 0.003 -26"><span class='ocrx_word' id='word_1_238' title='bbox 278 4313 377 4409; x_wconf 80' lang='grc' dir='ltr'><em>φέρει</em></span> <span class='ocrx_word' id='word_1_239' title='bbox 403 4309 515 4387; x_wconf 64' lang='lat' dir='ltr'><strong>atille</strong></span> <span class='ocrx_word' id='word_1_240' title='bbox 538 4311 580 4384; x_wconf 82' lang='lat' dir='ltr'><strong>nd</strong></span> <span class='ocrx_word' id='word_1_241' title='bbox 608 4307 800 4407; x_wconf 83' lang='grc' dir='ltr'><em>ὃριέμενον</em></span> <span class='ocrx_word' id='word_1_242' title='bbox 822 4308 1068 4406; x_wconf 79' lang='grc' dir='ltr'><em>μεταβάλλειν</em></span> <span class='ocrx_word' id='word_1_243' title='bbox 1093 4309 1116 4404; x_wconf 81' lang='grc' dir='ltr'>ἢ</span> <span class='ocrx_word' id='word_1_244' title='bbox 1143 4309 1212 4405; x_wconf 81' lang='grc' dir='ltr'><strong>τὴν</strong></span> <span class='ocrx_word' id='word_1_245' title='bbox 1239 4314 1329 4409; x_wconf 83' lang='grc' dir='ltr'><em>ὄφιν</em></span> 
     </span>
    </p>
   </div>
   <div class='ocr_carea' id='block_1_6' title="bbox 0 0 1538 5174">
    <p class='ocr_par' dir='ltr' id='par_1_6' title="bbox 0 0 1538 5174">
     <span class='ocr_line' id='line_1_33' title="bbox 0 0 1538 5174; baseline 0 0"><span class='ocrx_word' id='word_1_246' title='bbox 0 0 1538 5174; x_wconf 95' lang='lat' dir='ltr'><strong> </strong></span> 
     </span>
    </p>
   </div>
  </div>
 </body>
</html>
