3054 5174
783 415 808 493 8

720 517 870 532 -n-onffl

276 647 405 728 ceute'e
420 641 608 712 mutatione
626 667 698 712 τοο
706 639 826 714 differt.
851 640 931 714 Hoc
943 653 1057 715 autem
1070 645 1181 740 ipsum
1200 641 1320 716 diocri-

274 763 573 840 menAmototeles
590 768 625 838 in
642 769 751 864 primo
771 779 806 840 et
824 767 977 840 secundo
992 769 1068 841 libri
1085 770 1192 866 quinti
1207 771 1321 865 capite

275 887 397 976 doeet3
413 903 594 989 postquam
612 894 701 964 enim
722 892 806 966 dixit
822 895 869 990 (p.
887 891 971 980 225,
988 893 1039 983 7),
1056 893 1225 990 triplicem
1244 917 1322 964 esse

274 1018 493 1090 mmationem
510 1055 561 1070 -
577 1017 670 1092 ὥστε
688 1016 831 1122 ἀνάγκη
859 1023 898 1094 ἐκ
914 1027 991 1095 τῶν
1009 1021 1210 1118 εἰρημένων
1226 1024 1322 1116 τρεῖς

275 1136 369 1217 stota
384 1142 603 1238 μεταβολάς,
626 1141 696 1240 τήν
718 1175 757 1218 τε
780 1148 817 1229 ἐξ
838 1143 1082 1241 ὑποκειμένου
1107 1149 1156 1228 εἰς
1172 1143 1321 1220 ὑποκεί-

274 1294 389 1362 μενον
420 1268 484 1342 καὶ
511 1265 580 1363 τὴν
603 1272 640 1354 ἐξ
661 1269 906 1367 ὑποκειμένου
930 1275 980 1354 εἰς
1002 1271 1054 1367 μὴ
1078 1269 1322 1367 ὑποκείμενον

274 1391 339 1466 καὶ
360 1391 429 1488 τὴν
452 1397 492 1469 εἰι
514 1393 566 1490 μὴ
588 1393 831 1492 ὑποκειμένου
856 1400 906 1479 εἰς
930 1394 1173 1492 ὑποκείμενον
1189 1399 1320 1470 -iam

274 1519 414 1614 probat,
444 1543 557 1617 neque
587 1520 731 1622 γένεσιν
761 1545 874 1620 neque
903 1520 1060 1620 φθορὰν
1088 1536 1215 1594 motum
1245 1547 1322 1596 etse

276 1641 328 1735 (v.
344 1640 432 1735 25):
467 1641 754 1748 ἀάάνατονγάρ
779 1647 821 1721 τὸ
846 1646 899 1743 μὴ
925 1645 971 1722 ὃν
995 1649 1197 1741 κινεῖσθαι,
1224 1653 1256 1722 εἰ
1279 1646 1321 1722 ἀὲ

275 1775 404 1864 τοῦτο,
430 1769 492 1844 καὶ
514 1771 583 1866 τὴν
600 1772 744 1872 γένεσιν
762 1769 907 1868 κίνησιν
931 1773 1023 1848 εἶναι
1117 1771 1204 1848 οὐδὲ
1228 1773 1275 1869 δὴ
1298 1775 1327 1868 ἡ

277 1893 408 1992 φθορὰ
425 1894 574 2008 κίνησις,
601 1896 772 1974 ἐναντίον
793 1895 959 2000 μὲνγὰρ
983 1894 1120 1992 κινήσει
1142 1898 1165 1994 ἢ
1183 1897 1323 1994 κίνησις

276 2017 299 2112 ἢ
317 2018 463 2118 ἠρεμία,
481 2021 504 2117 ἡ
523 2021 563 2097 ἀὲ
581 2021 713 2123 φθορά
722 2023 863 2124 γενέσει
876 2022 1060 2101 ἐναντίον·
1079 2023 1155 2098 ἐπεὶ
1166 2022 1206 2100 ἀὲ
1221 2033 1322 2100 πᾶσα

276 2142 418 2240 κίνησις
433 2145 620 2245 μεταβολή
636 2177 707 2244 τις,
731 2148 936 2246 μεταβολαὶ
956 2147 997 2224 ἀὲ
1013 2155 1110 2247 τρεῖς
1127 2151 1166 2223 αἱ
1182 2151 1323 2248 εἰρημέ-

277 2297 353 2364 ναι,
371 2269 516 2349 τούτων
532 2273 573 2350 ἀὲ
591 2275 631 2348 αῖ
647 2274 742 2350 κατά
759 2276 903 2374 γένεσιν
918 2273 982 2348 καὶ
994 2273 1151 2374 φθορὰν
1163 2275 1208 2348 οὐ
1220 2273 1323 2369 κινή-

279 2419 369 2492 σεις,
395 2392 507 2474 αὗται
531 2400 571 2477 δ”
596 2398 688 2476 εἰσὶν
705 2399 745 2473 αἱ
761 2401 840 2474 κατ’
860 2397 1072 2497 ἀντίφασιν,
1097 2395 1239 2501 ἀνάγκη
1255 2399 1324 2495 τὴν

279 2524 316 2607 ἐξ
337 2523 580 2622 ἀνισταμενον
603 2530 653 2610 εἰς
674 2524 919 2623 ὑποκείμενον
941 2523 1152 2621 μεταβολὴν
1180 2523 1325 2622 κίνησιν
1402 2555 1404 2560 ’
1481 2547 1483 2552 “

280 2647 373 2726 εῖναι
389 2647 510 2746 μόνην
526 2651 558 2722 h.
576 2676 605 2723 e.
623 2676 691 2723 oon
711 2676 843 2722 omnem
862 2652 1081 2724 mutationem
1096 2675 1173 2722 esse
1187 2664 1325 2739 motum,

280 2778 499 2848 mutationem
529 2778 618 2850 enim
652 2775 835 2873 complecti
857 2778 1001 2876 γε’νεοιν
1025 2775 1089 2850 καὶ
1111 2777 1267 2874 φθορὰν
1291 2789 1326 2849 et

280 2912 419 2990 motum,
426 2914 542 2974 motus¹
552 2927 634 2976 vero
644 2904 707 2975 tria
721 2926 798 2973 esse
810 2925 936 2998 genera
944 2903 992 2998 (p.
1000 2897 1084 2987 225,
1092 2901 1127 2987 b,
1134 2901 1174 2994 7)
1181 2900 1326 3004 ἀνάγκη

281 3024 1076 3124 τρεῖςεῖνάικινήσειςτήντετοῦιτοιοῦ
1093 3026 1325 3123 καῖτὴντοῖ
1409 3085 1415 3092 -
1515 3057 1517 3116 ι

281 3155 399 3226 ποσοῦ
415 3153 479 3228 καὶ
494 3153 563 3250 τὴν
578 3153 673 3228 κατὰ
691 3150 822 3229 τόπον·
847 3153 925 3227 κατ’
950 3151 1085 3228 οὐσίαν
1110 3151 1148 3227 δ’
1166 3153 1236 3228 οὐκ
1252 3155 1327 3227 ἔστι

281 3275 421 3374 κίνησις
438 3278 501 3354 ut
511 3279 554 3356 τὸ
564 3277 682 3377 μηδὲν
695 3278 791 3355 ἐἶναι
802 3277 911 3374 οάσίηι
924 3285 1002 3353 τοῖν
1014 3279 1135 3354 όντων
1146 3277 1338 3364 ἐναντίον,

283 3402 372 3478 Tres
402 3407 504 3501 igitur
532 3415 627 3476 recte
654 3415 765 3476 motus
794 3413 1030 3476 enumerentur
1059 3428 1087 3472 o.
1110 3399 1135 3474 2
1167 3404 1220 3499 (p.
1244 3400 1328 3488 226,

281 3527 446 3623 24-435)
462 3529 619 3606 λείπεται
636 3529 731 3604 κατὰ
748 3528 791 3603 τὸ
809 3527 918 3604 ποιὸν
933 3526 997 3602 καὶ
1013 3527 1055 3602 τὸ
1074 3527 1192 3604 ποσὸν
1206 3529 1269 3604 καὶ
1285 3529 1327 3604 τό

282 3665 354 3732 τιοῦ
370 3655 516 3752 κίνησιν
532 3656 624 3732 εἶναι
641 3653 760 3752 μόνον
854 3653 877 3749 ἡ
894 3650 964 3750 μὲν
977 3649 1153 3728 οὖνκατὰ
1168 3654 1210 3728 τὸ
1222 3654 1329 3730 ποιὸν

282 3778 421 3875 κίνησις
438 3781 629 3866 ἀλλοίωσίς
645 3786 720 3856 ε’στι
812 3779 835 3875 ἡ
852 3777 893 3854 δὲ
910 3778 1005 3852 κατὰ
1022 3779 1065 3854 τὸ
1082 3780 1199 3855 ποσὸν
1216 3783 1328 3874 αὔξη·
1430 3770 1432 3774 ’

283 3909 338 3990 σις
354 3906 417 3981 καὶ
434 3906 626 4004 φθίσις
643 3906 666 4001 ἡ
684 3904 725 3980 ἀὲ
742 3904 837 3979 κατὰ
849 3900 964 3980 τόπον
976 3905 1068 3979 ἔστω
1082 3903 1181 4003 φορά
1193 3911 1328 3978 καλου-

281 4032 391 4127 μένη,
417 4071 466 4086 --
487 4034 533 4104 ita
550 4029 634 4134 VH,
664 4027 705 4118 2,
727 4056 760 4127 p.
783 4026 873 4118 243,
898 4027 922 4105 6
946 4029 1022 4104 ἐπεὶ
1045 4028 1085 4104 ἀὲ
1116 4036 1231 4126 τρεῖς
1260 4033 1327 4104 εἰσι

283 4154 484 4252 κινήσεις
508 4157 539 4252 ἥ
553 4187 591 4232 τε
615 4155 709 4231 κατὰ
732 4151 847 4232 τόπον
869 4155 933 4230 καὶ
956 4155 1051 4230 κατὰ
1076 4154 1118 4228 τὸ
1141 4154 1249 4230 ποιὸν
1265 4155 1329 4230 καὶ

232 4319 236 4332 ¹
283 4283 377 4358 κατὰ
404 4284 443 4358 τὸ
468 4283 602 4378 ποσὸν,
628 4277 858 4382 ἀνάγκηκαὶ
883 4281 929 4356 τὰ
956 4277 1158 4378 κινούμενα
1179 4280 1282 4377 τρία,
1304 4281 1326 4374 ἡ
