3054 5174
693 434 856 518 59,

187 663 328 734 versitas
353 664 488 757 spurios
514 685 590 732 esse
617 661 760 744 evincit;
794 660 840 730 ita
866 661 966 731 etiam
992 659 1135 754 siugulis
1160 659 1245 733 locis

189 789 299 884 iisque
325 788 504 882 imprimis,
538 786 662 883 quibus
689 787 801 881 priora
829 787 861 855 in
891 811 993 856 unum
1021 797 1245 881 conspectum

190 908 413 1006 colliguntur,
448 913 714 982 constructionis
742 910 952 1007 negligentia
981 912 1036 983 vel
1064 913 1246 984 verborum

187 1064 269 1110 usus
301 1037 462 1116 soloecus
488 1035 541 1108 vel
569 1039 747 1112 enunciata
778 1038 923 1118 inaniter
947 1040 1092 1134 repetita
1119 1037 1246 1122 docere
1338 1123 1339 1130 ἵ

186 1161 309 1247 solent,
327 1163 369 1235 ab
390 1160 578 1234 Aristotele
597 1163 715 1234 saltem
734 1165 810 1260 ipso
831 1163 908 1234 talia
925 1189 993 1234 non
1013 1165 1138 1260 scripta
1158 1188 1246 1248 csse,

188 1291 319 1361 etiamsi
340 1287 516 1360 doctrinae
535 1301 724 1370 concentus
743 1288 964 1386 persuadeat,
987 1303 1024 1363 ut
1049 1291 1247 1386 peripateti-

189 1443 264 1489 cum
303 1426 396 1487 certe
431 1410 675 1512 philosophum
711 1416 766 1486 vel
812 1414 1029 1486 scholiastam
1072 1427 1245 1486 auctorem

190 1566 424 1636 agnoscamus.
460 1538 528 1611 lam
548 1543 651 1636 igitur
668 1542 798 1639 aliquot
816 1541 913 1612 locos
940 1540 1132 1627 afferamus,
1160 1567 1248 1640 quos

191 1678 373 1764 suspectos
391 1677 559 1762 putemus.

264 1790 342 1864 Lib.
361 1789 391 1877 l,
417 1817 444 1864 c.
463 1789 505 1877 2,
532 1819 608 1889 pag.
635 1779 731 1878 185,Ι
747 1790 780 1866 9.
832 1790 1041 1863 Aristoteles
1066 1801 1247 1890 postquam

190 1916 404 1990 Parmenidis
418 1929 451 1988 et
463 1915 598 1990 Melissi
618 1917 807 1990 doctrinam
826 1917 869 1988 ad
886 1918 1065 2017 physicum
1085 1943 1152 1989 non
1171 1920 1248 1990 atti-

192 2069 274 2115 nere
299 2043 540 2140 philosophum
566 2067 753 2141 eorumque
778 2056 974 2139 argumenta
1002 2043 1083 2115 inde
1108 2071 1176 2116 non
1195 2070 1248 2116 re-

191 2168 328 2240 futanda
348 2195 425 2240 esse
445 2167 546 2253 dixit,
573 2170 657 2242 haec
682 2172 786 2242 verba
804 2169 914 2242 addit:
943 2170 1005 2244 καὶ
1030 2170 1104 2271 γὰρ
1127 2170 1249 2267 ψευδῆ

192 2292 427 2392 λαμβάνουσι
446 2295 509 2369 καὶ
537 2293 795 2397 ἄσυλλόγισιοί
819 2302 913 2372 εἰσιν
936 2297 1065 2372 αὐτῶν
1082 2297 1118 2370 οἱ
1135 2293 1248 2397 λόγοι·

193 2430 334 2515 μᾶλλον
352 2421 389 2494 d'
410 2421 429 2494 ὁ
452 2420 640 2497 Μελίσσου
666 2422 841 2520 φορτικὸς
858 2422 921 2496 καὶ
945 2423 1014 2496 οὐκ
1037 2425 1133 2517 ἔχων
1157 2425 1250 2495 daro-

119 2599 123 2608 -
195 2547 300 2643 μίαν,
325 2547 400 2619 ἀλλ’
420 2546 500 2629 ἑνὸς
530 2545 671 2622 ἅιόιιου
694 2548 873 2631 δοθέντος
898 2544 1013 2621 τᾶλλα
1038 2547 1249 2643 συμβαίνει

194 2681 305 2748 τοῦτο
324 2672 362 2748 d'
383 2674 427 2764 ori
442 2668 627 2767 χαλιιιόν.“
645 2669 744 2746 Haec
763 2671 883 2747 eadem
902 2687 1013 2745 autern
1031 2676 1134 2746 verba
1153 2675 1250 2745 initio

196 2826 269 2895 cap.
288 2797 327 2883 3,
345 2823 422 2895 [rag.
442 2795 555 2883 186,7
573 2801 693 2872 iterum
715 2797 882 2895 leguntur,
901 2826 943 2871 ex
961 2827 1030 2897 quo
1049 2801 1127 2872 loco
1145 2801 1251 2897 priori
1358 2855 1363 2865 .

195 2925 365 3021 adscripta
385 2950 461 2996 esse
479 2923 651 3012 videntum
684 2950 870 3022 quaerero
890 2927 993 2998 verba
1012 2924 1252 3012 antecedentia

196 3075 335 3149 quoque
360 3050 447 3146 ὅπερ
471 3048 674 3148 ἀμφότεροι
701 3052 772 3148 μίν
796 3055 944 3145 ἔχουσιν
968 3053 1003 3124 οἱ
1026 3049 1126 3151 λόγοι
1150 3052 1251 3125 καὶὸ

199 3176 388 3250 Μελίσσου
411 3175 474 3249 καὶ
499 3177 518 3248 ὃ
548 3177 792 3273 Παρμενίδου
818 3173 1001 3247 Belskerus
1033 3179 1142 3248 eiecta
1172 3177 1252 3262 vult,

197 3329 235 3374 ea
255 3303 403 3374 libenter
420 3303 626 3389 retinuerim,
646 3328 712 3373 non
729 3298 839 3372 solum
855 3305 932 3400 quia
947 3302 1032 3373 haec
1048 3329 1115 3373 non
1131 3301 1252 3374 iisdem

199 3429 312 3499 verbis
330 3430 523 3524 posteriore
542 3424 621 3498 loco
640 3439 833 3514 recurrunt,
859 3427 921 3500 sed
950 3431 1049 3500 etiam
1070 3431 1146 3526 quia
1165 3455 1253 3526 opus

198 3555 303 3625 luisse
322 3552 473 3637 videtur,
491 3566 528 3624 ut
546 3553 665 3625 horum
684 3553 966 3656 philosophorum
985 3557 1120 3626 nomina
1138 3555 1253 3626 verbis

198 3685 232 3754 ιί
245 3709 300 3763 τις
317 3679 409 3776 φαίη
428 3681 635 3775 ἄνθρωπον
659 3681 723 3754 ἕνα
742 3680 784 3754 ad
803 3679 848 3755 ὂν
872 3681 1006 3777 εἶναιῆ
1025 3678 1125 3757 λύειν
1142 3678 1254 3781 λόγον

197 3806 380 3904 ἐριστικὸν
402 3804 583 3890 addantur,
615 3805 901 3902 quemadmodum
930 3804 1097 3878 Heracliti
1128 3835 1252 3879 nomen

199 3935 415 4028 subiungitur
433 3933 497 4003 illis
515 3934 629 4004 verbis
647 3934 693 4025 (v.
702 3930 740 4026 5)
760 3933 850 4028 πρὸς
869 3934 982 4026 ἄλλην
1000 3934 1107 4010 θέσιν
1125 3933 1253 4008 ὃιιοια-

202 4069 292 4136 νοῦν
377 4067 452 4134 ιῶν
469 4055 581 4158 λόγου
600 4061 705 4132 ἕνεκα
724 4058 942 4157 λεγομένοιν.

275 4182 351 4258 Lib.
371 4182 432 4268 ΙΙΙ,
458 4211 485 4254 c.
505 4183 544 4270 2,
568 4212 644 4281 pag.
663 4181 752 4266 202,
776 4181 808 4258 8.
853 4184 886 4256 A
910 4186 1026 4280 primis
1052 4185 1131 4256 inde
1155 4185 1254 4255 hnins

203 4311 278 4382 libri
297 4311 409 4382 verbis
428 4313 577 4408 optimus
596 4310 708 4382 codex
728 4308 758 4380 E
779 4310 872 4380 solus
892 4335 993 4405 quum
1012 4307 1177 4408 permulta
1197 4309 1254 4382 ha-
