3054 5174
342 703 411 786 Lib.
429 705 485 800 IV,
510 724 538 784 ο.
557 703 614 802 id,
641 717 718 806 pag.
737 701 825 799 223,
849 698 886 800 Ι),
912 701 1075 784 12-20.

183 883 259 957 ἐπεὶ
277 883 317 957 d’
337 885 412 958 ἐστὶ
437 884 537 982 φορὰ
561 883 624 958 καῖ
648 879 784 976 ταύτης
806 880 830 976 ἡ
854 879 996 979 κύκλῳ,
1024 883 1239 979 ἀριθμεῖται

184 1009 223 1082 d'
243 1011 398 1085 ἕκαστον
414 1009 470 1086 ἑνί
487 1037 559 1084 τινι
578 1013 765 1109 σοχχενιῖ,
783 1004 946 1104 μονάδες
961 1005 1117 1104 μονόόι,
1135 1011 1239 1082 ἵπποι

184 1133 224 1208 d‘
242 1138 359 1232 ἵππῳ,
385 1135 485 1210 οὕτω
508 1135 572 1210 καὶ
599 1134 618 1208 ό
641 1129 777 1230 χρόνος
790 1129 918 1232 χρόνῳ
942 1133 1017 1209 τινὶ
1034 1133 1240 1233 ώρισμόνῳ·

183 1267 367 1357 μετρεῖται
385 1261 423 1336 d’
443 1261 565 1359 ὥσπερ
585 1265 734 1357 εἴπομεν
759 1258 780 1333 ό
804 1289 843 1332 τε
863 1255 1000 1355 χρόνος
1017 1257 1155 1355 κινήσει
1179 1259 1242 1334 καὶ

184 1385 207 1481 ἡ
226 1385 365 1481 κίνησις
378 1383 524 1485 χρόνῳ·
548 1395 659 1460 τοῦτο
678 1384 703 1460 d
707 1386 717 1411 ³
737 1386 853 1478 ἔστιν,
880 1384 936 1460 ὅτι
959 1385 1033 1464 ὑπὸ
1050 1395 1115 1482 τῆς
1132 1385 1243 1484 ώρισ-

184 1513 295 1608 μόνης
319 1509 495 1608 κινήσεως
514 1508 641 1610 χρόνῳ
664 1517 850 1608 μετρεῖται
868 1519 933 1606 τῆς
949 1541 988 1585 τε
1005 1509 1183 1606 κινήσεως
1200 1511 1242 1586 τὸ

187 1638 304 1713 ποσόν
326 1638 389 1712 καὶ
413 1646 480 1712 τοῦ
501 1633 661 1734 χρόνου·
695 1641 727 1716 al
751 1633 822 1712 οὖν
853 1636 895 1710 τὸ
927 1646 1078 1734 πρῶτον
1107 1639 1245 1737 μέτρον

188 1759 342 1837 πάντων
358 1771 436 1838 τών
453 1771 664 1864 σοχχενών,
690 1762 713 1860 ἡ
737 1761 968 1861 κοκλοῳορόα
985 1763 1008 1858 ἡ
1027 1763 1166 1861 ὁμαλὴς
1182 1765 1244 1862 μό-

188 1917 279 1985 τρον
290 1885 463 1984 μάλιστα,
478 1887 533 1962 ὅτι
548 1888 567 1962 ό
580 1887 745 1986 ἀριθμὸς
762 1887 781 1962 ό
796 1885 933 1984 ταύτης
944 1886 1242 1994 χνιοριμώταιος.

189 2010 239 2084 Ita
256 2013 359 2108 vulgo
377 2012 435 2085 hie
455 2013 550 2088 loeus
575 2014 708 2108 legitur.
744 2010 782 2084 Iu
807 2013 1093 2088 antecedentibus
1102 2013 1245 2089 Aristo-

190 2139 277 2210 teles
296 2137 604 2223 demonstraverat,
628 2150 764 2236 tempus
783 2127 932 2213 emnium
950 2153 1064 2216 motus
1081 2163 1246 2238 generum

191 2289 406 2336 communem
430 2289 507 2336 esse
539 2288 729 2339 mensuram
760 2263 1047 2362 quemadmodum
1070 2289 1247 2338 numerum

190 2393 339 2462 omnium
358 2415 468 2462 uerum
485 2389 761 2475 numerabilium
785 2391 819 2460 in
838 2390 891 2462 his
908 2416 1008 2480 vero,
1034 2417 1137 2491 quum
1161 2405 1248 2464 tem·

190 2543 258 2615 pus
281 2541 436 2588 mensura
461 2528 591 2604 motus,
623 2527 736 2589 motus
765 2527 878 2590 autem
902 2542 1059 2592 mensura
1082 2519 1248 2616 temporie

193 2647 252 2729 sit,
271 2645 417 2742 quaerit,
435 2665 582 2741 quonam
601 2653 714 2714 mutus
731 2665 861 2738 genere
872 2643 1035 2718 utendum
1054 2647 1099 2719 sit
1116 2641 1159 2717 ad
1178 2667 1249 2717 me-

193 2767 346 2840 tiendum
370 2781 521 2866 tempus,
554 2780 589 2840 et
614 2768 734 2856 ducet,
766 2769 884 2842 circuli
913 2782 1008 2846 motu
1032 2783 1162 2845 tantum
1186 2797 1249 2842 nus

195 2907 329 2992 tempus
346 2897 457 2968 metiri
474 2920 596 2992 pusse3
614 2897 647 2965 in
667 2896 791 2992 quibus
810 2919 914 2992 quum
932 2919 1054 2970 seusus
1070 2897 1249 2969 manifeste

197 3020 343 3106 eluceat,
366 3022 470 3093 verba
488 3033 601 3092 tamen
619 3021 759 3115 negotia
778 3019 965 3106 sucessuum
987 3026 1133 3120 primum
1160 3026 1250 3094 euim

195 3147 280 3219 haec
305 3172 408 3220 sensu
435 3158 567 3224 carent:
591 3145 667 3220 ἐπεὶ
692 3146 732 3220 d’
758 3145 834 3220 ἐστὶ
857 3147 957 3245 φορὰ
981 3148 1045 3222 καὶ
1069 3145 1251 3243 ταύτηςὴ
1310 3203 1312 3209 ‚

195 3270 336 3370 κύκλῳ,
364 3273 555 3344 certissime
580 3298 661 3344 vero
687 3271 959 3346 emendabuntur
981 3294 1131 3372 temque
1148 3275 1251 3346 leutio

196 3401 407 3483 restituetur,
431 3401 459 3470 si
484 3398 686 3470 vocabulum
710 3396 837 3496 πρώτη
861 3401 1048 3474 inseramus
1066 3413 1144 3473 ante
1164 3400 1252 3494 ἐστὶ,

195 3537 232 3598 ut
248 3525 353 3596 verba
372 3525 447 3598 ἐπεῖ
466 3523 506 3599 δὲ
524 3520 651 3620 πρώτη
670 3525 745 3598 ἐστὶ
757 3525 858 3623 φορὰ
872 3523 935 3600 καῖ
947 3524 1117 3622 ταύτηςὴ
1130 3523 1254 3622 κύκλῳ

196 3649 407 3746 siguificeuta
431 3677 530 3749 quum
554 3677 630 3720 οινο
654 3649 768 3750 localia
783 3666 887 3722 ναοιιιι
894 3663 1029 3751 primm
1045 3662 1090 3727 att
1104 3665 1255 3733 motuum

196 3776 294 3848 leuius
306 3785 521 3875 veropra‘mau
534 3785 570 3858 te,
588 3803 649 3874 quo
663 3775 806 3846 οιίοιιόα
818 3793 964 3849 moveatur
976 3793 1033 3850 etc.
1047 3782 1145 3872 (sane
1157 3777 1256 3874 plum

199 3927 338 4000 quoque
363 3901 533 3974 excidisse
557 3913 719 3998 possunt,
744 3927 772 3974 e.
790 3929 822 3999 g.
847 3904 1004 3980 ἁπασῶν
1027 3901 1156 4001 πρώτη
1179 3912 1257 3979 τών

199 4025 379 4121 κινήσεων
396 4028 451 4100 vel
468 4035 601 4102 πασῶν
617 4036 694 4100 τών
710 4027 892 4122 κινήσεων
909 4028 1037 4126 πρώτη
1056 4030 1112 4102 val
1129 4027 1257 4126 πρώτη
1322 4019 1325 4026 ’

202 4161 276 4228 τῶν
293 4152 494 4249 κινήσεων,
507 4152 570 4224 sed
588 4150 874 4250 simplicissimum
894 4167 966 4240 est,
983 4152 1111 4253 πρώτη
1128 4167 1257 4226 tuntum

201 4281 367 4366 inserere,
389 4307 491 4378 quum
516 4291 631 4351 cetera
657 4305 698 4350 ex
721 4280 1005 4354 antecedentibus
1030 4279 1189 4352 facillime
1208 4279 1258 4350 in-

1032 4403 1055 4478 3
