3054 5174
693 447 742 525 29

191 677 271 773 eicit]
294 676 357 752 καὶ
380 675 427 751 ιὰ
450 673 556 770 πάθη
574 673 637 750 καὶ
661 675 681 748 ὃ
706 671 834 768 τόπος,
860 679 910 758 εἷς
933 677 957 749 ἃ
979 684 1170 753 κινοῦνται
1196 679 1243 752 τὰ

190 800 415 898 κινούμενα)
422 831 435 890 ,·
461 802 503 873 ab
522 811 713 898 suentem,
732 802 765 871 in
786 799 896 897 quod,
914 827 981 872 uon
1001 799 1113 874 differt
1131 801 1183 888 id,
1203 830 1245 876 ex

191 956 270 1028 que,
289 931 322 1000 in
343 927 468 1000 eodem
486 929 575 1000 enim
590 927 759 1024 qualitatis
770 949 900 1022 genere
917 931 1057 1001 mutatio
1077 955 1119 1000 ex
1137 929 1245 1002 altero

190 1067 279 1128 statu
297 1057 419 1150 (etiam
446 1053 717 1150 captivatione)
741 1055 774 1124 in
793 1051 935 1123 aiterum
958 1051 1004 1148 fit,
1025 1079 1103 1151 eg.
1129 1058 1158 1126 si
1181 1081 1247 1140 res,

192 1205 280 1280 quae
298 1181 374 1252 alba
392 1178 518 1264 suerat,
544 1181 640 1274 nigra
658 1178 711 1264 fit,
735 1181 768 1249 iu
793 1178 910 1250 colore
928 1183 1069 1252 mutatio
1089 1193 1142 1252 est
1160 1194 1195 1252 et
1213 1183 1246 1252 iu

193 1306 373 1404 qualitate3
397 1303 489 1376 unde
515 1304 550 1376 fit
573 1317 610 1377 ut
634 1303 688 1391 id,
712 1329 755 1376 ex
778 1329 848 1402 quo
867 1347 913 1360 --
933 1309 970 1390 ἐξ
987 1300 1032 1380 οὗ
1050 1347 1118 1400 -,
1144 1319 1179 1378 et
1202 1305 1249 1393 id,

193 1435 227 1504 in
247 1429 340 1529 quod
359 1471 409 1484 -
426 1435 477 1515 εἰς
494 1430 514 1505 ὃ
531 1472 598 1526 -,
623 1431 832 1502 coniunctim
852 1431 951 1502 etiam
975 1429 1028 1518 id,
1052 1434 1085 1502 in
1112 1457 1181 1529 quo
1199 1473 1250 1486 -

194 1563 236 1634 ἐν
253 1551 362 1656 ᾦ-,
379 1559 494 1630 vocari
511 1558 661 1654 possiut;
680 1579 768 1653 quae
785 1555 987 1651 significatio
1003 1558 1111 1629 tribus
1131 1583 1250 1629 revera

196 1684 281 1754 lueis
300 1677 466 1769 occurritss
488 1683 547 1755 ubi
571 1693 708 1779 tempus
725 1682 955 1778 ambiguitatis
971 1681 1131 1755 vitandae
1150 1709 1251 1754 eausa

195 1836 265 1881 nou
287 1807 330 1884 τὸ
354 1812 395 1883 ἐν
419 1801 449 1906 ᾧ
471 1809 680 1894 nominatur,
705 1807 768 1880 sed
798 1807 861 1879 alia
887 1809 1086 1906 exprimitur
1110 1809 1250 1880 ratione.

196 1933 332 2008 Primus
354 1933 475 2005 herum
499 1933 653 2004 locorum
678 1947 731 2005 est
748 1928 794 2020 V,
817 1929 856 2020 I,
880 1960 912 2030 p.
929 1931 1020 2020 227,
1044 1936 1082 2020 b,
1099 1931 1149 2008 23
1166 1933 1252 2032 ιρίοι

200 2057 272 2160 γάρ
291 2064 364 2134 ἐστι
382 2059 450 2135 τὸν
467 2058 636 2157 ἀριθμὸν
652 2058 735 2157 περὶ
753 2059 778 2132 ἃ
795 2059 950 2159 λέγομεν
966 2058 1036 2155 τὴν
1053 2057 1210 2156 κίνησιν,
1232 2059 1251 2134 ὃ

198 2185 260 2261 καὶ
276 2189 316 2262 ἐν
333 2180 364 2285 ᾦ
380 2185 444 2260 καὶ
462 2185 536 2260 ὅτι·
560 2186 652 2286 λέγω
670 2183 708 2258 ‹I'
728 2185 766 2278 t,
797 2183 853 2259 ὅτι
880 2181 1025 2286 ἀνάγκη
1043 2183 1139 2260 εἶναι’
1155 2215 1189 2259 τι
1208 2183 1251 2260 τὸ

197 2309 422 2410 κινούμενον
450 2311 530 2387 οῖον
560 2313 768 2407 ἄνθρωπον
792 2309 816 2405 ἢ
836 2311 999 2409 χρυσὸν,
1031 2311 1094 2386 καὶ
1118 2313 1159 2387 ἔν
1180 2341 1254 2388 τινι

198 2447 308 2514 τοῦτο
326 2440 513 2514 κινεῖσθαι
531 2436 611 2512 οἷον
628 2440 668 2511 ἐν
684 2432 787 2533 τόπῳ
805 2434 827 2530 ἢ
847 2441 887 2514 ἐν
910 2435 1044 2532 πάθει,
1069 2437 1133 2511 καὶ
1155 2437 1253 2530 ποτὲ,

199 2571 244 2642 ἐν-
258 2561 387 2663 χρόνῳ
410 2562 484 2664 γὰρ
507 2570 584 2637 πᾶν
606 2568 759 2637 κινεῖται
783 2565 837 2656 (u't
860 2560 929 2632 hee
955 2563 1035 2634 loce
1060 2563 1149 2634 sieut
1173 2563 1256 2649 aliis,

201 2717 290 2789 quos
314 2689 510 2774 afferemus,
539 2687 583 2761 τὸ
606 2695 738 2763 κινοῦν
768 2713 836 2758 non
869 2701 1170 2762 commemoratum
1202 2691 1257 2775 sit,

201 2816 282 2890 iude
299 2815 425 2888 suetum
444 2825 513 2902 est,
540 2813 635 2912 quod
662 2812 706 2885 de
723 2824 816 2884 motu
836 2814 914 2912 ipso
933 2815 1076 2914 eiusque
1096 2813 1256 2914 qualitate

204 2945 314 3038 agitur
330 2943 433 3014 missa
450 2940 505 3012 illa
525 2941 736 3037 quaestione,
753 2938 846 3012 uude
863 2951 976 3013 motus
994 2942 1151 3031 oriatur);
1174 2941 1259 3016 alter

204 3065 303 3142 loeus
319 3064 385 3154 Vl,
411 3063 452 3151 lt,
477 3092 510 3162 p.
527 3061 618 3151 235,
644 3063 691 3138 tt
719 3064 795 3139 ἐπεὶ
819 3073 896 3141 πᾶν
919 3066 961 3140 τὸ
979 3064 1202 3165 κινούμενον
1220 3070 1259 3142 ἔν

204 3224 276 3270 τινι
293 3199 448 3270 κινεῖται
466 3191 530 3266 καὶ
543 3187 685 3289 χρόνον
701 3190 803 3285 τινὰ,
827 3191 890 3264 καὶ
908 3190 1046 3276 παντός
1064 3198 1137 3267 ἐστι
1156 3191 1259 3287 κίνη-

206 3345 273 3415 σις,
292 3315 436 3420 ἀνάγκη
453 3317 520 3401 τὰς
537 3316 654 3402 atita
671 3317 764 3393 εἶναι
782 3315 976 3416 διαιρέσεις
992 3325 1060 3392 τοῦ
1071 3347 1110 3390 τε
1118 3314 1260 3414 χρόνον

205 3446 269 3521 καὶ
285 3454 350 3541 τῆς
366 3441 543 3540 κινήσεως
558 3443 621 3518 καὶ
638 3451 705 3516 τοῦ
721 3445 907 3517 κινεῖσθαι
926 3443 989 3518 καὶ
1006 3451 1073 3518 τοῦ
1090 3442 1261 3538 κινουμέ-

205 3601 275 3647 νου
292 3570 355 3645 κοιὶ
374 3576 413 3646 ἐν
430 3565 461 3670 ᾧ
477 3570 500 3666 ἡ
518 3569 677 3664 κίνησις·
701 3568 796 3664 πλὴν
814 3569 858 3642 οὐ
876 3565 1029 3644 πάντων
1047 3567 1201 3665 ὁμοίως,
1221 3571 1262 3644 ἐν

208 3697 262 3781 οἷς
278 3697 301 3792 ἡ
319 3694 470 3790 κίνησις,
491 3695 582 3770 ἀλλὰ
600 3702 667 3768 τοῦ
684 3691 754 3790 μὲν
771 3700 889 3768 ποσοῦ
906 3695 995 3767 καθ’
1016 3693 1122 3788 auiti,
1141 3703 1210 3768 emi
1221 3693 1261 3770 δὲ

208 3831 317 3896 ποιοῦ
335 3822 431 3896 κατὰ
450 3817 696 3920 συμβεβηκός.
714 3859 763 3872 -
781 3821 901 3891 tertius
918 3815 1020 3906 VIII,
1036 3815 1070 3906 8,
1087 3846 1120 3916 ρ.
1138 3816 1265 3907 262,2

209 3947 295 4048 τρίοι
324 3944 398 4050 γάρ
424 3951 498 4022 ἐστι
522 3945 565 4021 τό
596 3977 634 4022 τε
658 3943 880 4042 κινούμενον
908 3945 988 4021 οἷον
1014 3947 1263 4042 ἄνθρωποςῆ

212 4073 312 4168 θεὸς,
330 4073 392 4148 καὶ
411 4071 470 4147 ὅτε
488 4073 567 4148 οἷον
584 4069 729 4171 χρόνος,
748 4071 812 4146 καὶ
829 4071 954 4169 Ιιριίον
971 4071 1013 4146 mi
1032 4077 1072 4148 ἐν
1088 4066 1136 4170 ᾧ·
1154 4081 1265 4148 τοῦτο

213 4199 251 4275 ‹I’
271 4199 347 4276 ἐστὶ
364 4195 474 4282 τόπος
491 4197 513 4293 ἢ
533 4195 695 4292 πάθοςῆ
715 4197 811 4281 εἶδος
827 4196 849 4292 ἢ
867 4199 1034 4300 μέγεθος.
1066 4195 1132 4270 His
1150 4201 1266 4300 itaque

215 4326 312 4412 Iocis,
331 4326 455 4422 quibus
473 4324 660 4419 adiungere
679 4349 860 4422 possumus
879 4322 909 4395 d.
923 4349 1000 4420 geu.
1012 4336 1045 4396 et
1059 4351 1142 4398 eurr.
1160 4321 1200 4411 ll,
1211 4322 1268 4410 10,

472 4527 480 4576 Ι
