3054 5174
807 401 856 477 58

304 641 384 728 post
407 629 552 723 κίνησιν
577 627 749 700 excidisse
773 626 917 720 verberi
942 629 1020 700 κατ’
1040 627 1212 720 εὐθεῖαν,
1232 651 1307 696 narn
1326 623 1363 696 it

306 758 415 853 ipsum
434 766 554 824 auctor
573 752 806 824 demonstrare
825 751 896 822 vuit
913 777 954 822 ac
974 751 1089 838 debet,
1108 752 1226 823 cirmli
1241 765 1364 820 omnam

306 891 493 952 emrtinmrm
517 907 584 950 esee
596 905 706 976 posse,
730 887 765 948 in
789 879 918 948 directo
941 892 1051 948 aarum
1073 877 1162 948 linea
1184 893 1304 947 motam
1327 886 1364 946 in

306 1035 342 1076 eo
354 1019 486 1103 puncto,
504 1001 560 1074 ubi
577 1006 703 1074 redium
719 1013 874 1102 incipiat,
891 1029 1019 1100 seraper
1036 1003 1276 1100 aliquantulum
1294 1027 1363 1072 cas-

305 1159 398 1207 sare:
417 1156 459 1201 ex
477 1141 591 1200 mente
609 1153 691 1200 vero
711 1131 891 1226 quominus
910 1128 963 1198 iiia
982 1129 1086 1200 verba
1103 1127 1296 1226 supplendo
1311 1129 1364 1198 in-

306 1257 513 1351 teiligamus,
538 1253 640 1324 altera
668 1253 878 1326 arititheseos
905 1254 1008 1326 verba
1032 1253 1217 1350 prohibent
1235 1259 1279 1346 (v.
1298 1251 1363 1340 9⁷)

306 1384 342 1456 δ’
361 1381 417 1455 ἐπὶ
435 1389 499 1474 τῆς
516 1387 737 1476 περιφεροῦς
754 1381 852 1452 ἔσται
872 1378 941 1474 μία
958 1379 1020 1454 καὶ
1039 1377 1218 1474 συνεχής).

363 1604 412 1683 ite
434 1599 518 1682 loeis
541 1599 747 1704 interpolatis
772 1601 804 1682 in
828 1600 975 1707 physicis
1001 1600 1306 1684 auscultatoribus.

382 1753 462 1828 Hoc
480 1753 747 1826 additamentum
766 1759 793 1826 si
813 1757 1044 1854 adiungimus,
1069 1759 1294 1840 obtestamur,
1319 1781 1362 1824 ne

307 1883 456 1967 iliorum,
475 1882 532 1978 qui
550 1877 704 1976 sin'guios
723 1880 820 1952 iocos
836 1894 870 1952 et
882 1885 1036 1978 integros
1047 1881 1245 1954 Aristotelis
1259 1881 1363 1953 libros
1428 1931 1430 1938 ,

309 2037 352 2081 ex
370 2009 510 2080 arbitrio
534 2007 663 2075 auctori
691 2005 947 2093 abiudicavera,
972 2011 1057 2080 socii
1083 2013 1116 2080 in
1145 2006 1361 2079 dilacerando

307 2131 496 2209 Aristotele
514 2131 713 2218 habeamur3
730 2131 843 2204 sutiles
863 2133 952 2204 enim
969 2135 1053 2205 istae
1067 2137 1257 2232 opiniones,
1276 2157 1363 2231 qnae

308 2259 515 2359 argumentis
534 2283 704 2354 nunquam
728 2257 847 2328 firmari
871 2271 1046 2354 poterunt,
1073 2285 1153 2330 vero
1180 2261 1363 2331 litterarum

309 2387 423 2460 studio
442 2387 564 2456 noxiae
583 2407 656 2454 eam
675 2393 803 2454 tantum
822 2385 1000 2456 utilitatem
1018 2385 1137 2457 afferre
1156 2399 1310 2483 possunt,
1326 2399 1365 2456 ut

309 2513 510 2594 doceamur,
535 2511 590 2582 iiia
613 2511 666 2580 via
695 2534 762 2579 non
789 2509 1048 2606 ingrediendum
1075 2536 1160 2582 esse.
1194 2510 1242 2584 At
1262 2535 1363 2609 quum

309 2649 461 2722 constet,
495 2661 594 2733 quam
619 2635 737 2704 malam
763 2649 856 2707 certe
882 2649 1009 2708 sortem
1034 2634 1234 2710 Aristotelis
1260 2661 1364 2734 opera

308 2752 462 2846 'tulerint
481 2775 550 2832 tum
572 2759 766 2833 dubitanter
784 2774 911 2860 tantum
932 2776 966 2833 et
985 2777 1083 2834 eante
1102 2764 1149 2834 illi
1167 2766 1287 2848 textui,
1306 2763 1363 2860 qui

308 2893 410 2962 nobis
429 2886 572 2960 traditus
591 2897 659 2972 est,
677 2884 847 2958 fidendum
868 2891 950 2974 erit,
965 2885 1012 2960 'ex
1030 2903 1098 2987 qu'o
1116 2887 1363 2960 Leonaidris

295 3003 367 3114 “Sp
377 3016 499 3110 engei
519 3013 646 3096 docuit,
658 3015 826 3108 integrum
840 3017 1020 3110 septimum
1033 3014 1229 3112 physause.
1242 3015 1363 3084 librum

305 3139 437 3239 'duplici
452 3131 561 3212 ‘torma
580 3139 761 3229 exstare*).
785 3135 919 3235 Lingua
936 3143 1135 3237 praesertim
1152 3155 1186 3211 et
1202 3165 1283 3211 usus
1295 3142 1364 3209 sin-

292 3257 297 3292 ²
309 3266 465 3360 gaiorum
479 3265 658 3370 verborum
672 3263 763 3360 apud
774 3264 996 3338 Aristotelem
1011 3267 1173 3338 solemnis
1187 3291 1247 3336 eos
1259 3262 1365 3335 libros

306 3383 453 3489 primum
472 3404 653 3488 suspectos
672 3389 836 3477 reddunt,
861 3415 948 3489 quos
973 3392 1149 3464 doctrinae
1168 3391 1293 3464 deinde
1313 3391 1364 3462 di-

375 3563 404 3630 i)
433 3559 522 3615 Ueber
546 3559 598 3613 das
619 3539 838 3614 saebente'Bucla
861 3562 912 3616 der
929 3562 1032 3634 Pltpsr‘k
1054 3563 1100 3618 der
1117 3565 1295 3632 Aristoteles,
1318 3565 1363 3615 ein

309 3655 433 3724 Baitrag
453 3671 506 3706 sur
530 3651 689 3708 Gerchr'cla'te
711 3652 758 3707 dar
779 3655 880 3710 Teates
902 3655 953 3709 der
976 3655 1201 3711 armentelieclren‘
1217 3639 1360 3724 Scian's't'ea

309 3751 338 3799 e'n
357 3744 455 3800 Attali.
473 3745 499 3799 d.
517 3747 644 3800 Mainalia.
662 3746 749 3801 Acad.
768 3748 794 3800 d.
812 3749 885 3802 Wr'se.
905 3750 951 3811 ΙΙΙ,
970 3750 999 3814 2,
1016 3767 1077 3820 pag.
1089 3751 1151 3805 317:
1171 3753 1275 3815 „Diem
1291 3751 1359 3804 Ent-

310 3837 436 3911 deelcung
454 3843 491 3893 ist
507 3823 574 3893 e'ben
592 3857 621 3892 so
638 3829 831 3908 anersreulict
850 3843 892 3894 als
909 3825 1096 3906 suaromton
1113 3842 1186 3897 dean
1204 3862 1260 3898 was
1276 3844 1359 3898 sollers

309 3936 359 3985 wir
375 3949 427 3985 ooo
444 3937 533 3986 einero
550 3931 693 4006 doppeiteu
711 3935 875 3988 Aristoteles
897 3934 1008 4000 holten,
1032 3935 1092 3990 und
1111 3954 1188 3990 rosan
1213 3943 1258 3990 erit
1280 3937 1362 3991 oollae

308 4005 390 4079 Buca
410 4029 438 4078 ia
456 4030 543 4080 etitem
562 4025 671 4080 andern
690 4026 784 4080 Kleide
801 4027 953 4092 erectea'nt,
977 4046 1083 4084 waram
1105 4031 1183 4085 aa‘citt
1203 4028 1247 4082 dre
1266 4047 1362 4100 goare

199 4151 201 4156 ·
309 4114 426 4187 Papam
442 4117 480 4188 jo
502 4119 638 4172 ozeller'clrt
656 4120 728 4173 aucit
747 4114 852 4173 andere
869 4119 988 4175 'Wer‘lre?
1011 4129 1059 4178 wie
1082 4123 1162 4178 sollte
1177 4125 1260 4193 Jeaer
1282 4124 1362 4178 Buca

309 4211 394 4263 oliein
416 4207 459 4264 die
477 4211 553 4265 Elare
575 4215 691 4283 erlangt
714 4213 819 4283 haben,
843 4219 871 4268 in
895 4215 1062 4282 zwerfaclrer
1080 4216 1191 4270 Gestalt
1213 4216 1361 4284 austratea

309 4319 343 4355 sar
361 4301 505 4372 diirseu?¹'
