3054 5174
73 1368 76 1383 .
173 1281 382 1380 Universum
402 1305 597 1378 Aristotelis
616 1304 864 1402 philosophiam
884 1313 920 1374 ut
937 1305 1073 1400 penitus
1097 1303 1221 1376 intelli-

71 1442 76 1531 )
174 1457 253 1528 gere
284 1434 471 1528 possimus,
501 1433 654 1528 singulos
685 1432 790 1502 libros
819 1432 1073 1502 accuratissimo
1107 1429 1220 1502 studio

174 1583 369 1655 summaque
387 1560 486 1629 animi
507 1561 695 1630 intentione
715 1559 905 1629 examinare
929 1556 1095 1630 debemus
1118 1568 1221 1654 atque

175 1686 387 1781 perscrutari,
405 1710 518 1781 neque
534 1684 712 1781 despicere
729 1682 809 1754 licet
821 1683 1030 1778 singulorum
1039 1684 1221 1756 verborum

174 1812 483 1906 investigationem,
509 1835 595 1908 quae
620 1809 663 1881 ad
687 1821 792 1880 totam
819 1807 1014 1906 philosophi
1035 1807 1222 1880 doctrinam

170 1939 282 2007 animo
301 1934 555 2032 percipiendam
575 1933 620 2007 nil
645 1935 814 2020 conlerat,
837 1934 900 2006 sed
923 1934 959 2006 id
984 1938 1094 2031 ipsum
1119 1931 1222 2032 quae-

169 2063 314 2134 rendum
334 2075 402 2146 est,
429 2075 466 2133 ut
492 2064 594 2134 verba
612 2063 755 2158 primum
774 2065 913 2159 proprio
933 2086 1035 2132 sensu
1054 2060 1222 2156 intelliga-

170 2215 246 2260 mus
264 2213 377 2284 neque
402 2187 543 2258 alienam
571 2189 698 2258 auctori
724 2186 913 2258 doctrinam
933 2185 1163 2259 obtrudamus.
1195 2182 1222 2256 li

170 2318 286 2412 itaque
305 2314 389 2399 loci,
415 2339 557 2411 qnorum
583 2339 704 2386 sensus
729 2315 838 2384 minus
865 2324 983 2410 aperte
1007 2315 1222 2410 perspicitur,

172 2467 300 2511 summa
327 2439 502 2534 diligentia
529 2438 738 2512 examinandi
766 2452 817 2520 et,
850 2438 986 2537 quando
1011 2438 1223 2510 librariorum

173 2578 301 2636 tantum
313 2567 412 2663 culpa
426 2565 598 2662 depravati
612 2569 837 2663 apparuerint,
856 2568 997 2637 maxima
1013 2589 1092 2636 cura
1107 2588 1220 2636 emen·

175 2689 275 2762 dandi
294 2705 386 2778 sunt,
404 2691 498 2788 quod
522 2704 559 2762 ut
584 2694 648 2763 iam
668 2691 759 2763 lrrma
778 2690 923 2789 quadam
946 2693 1078 2762 ratione
1096 2692 1130 2760 iu
1148 2690 1222 2760 Ari-

173 2817 306 2888 stotelis
331 2817 425 2889 libris
442 2818 513 2890 fieri
538 2822 663 2914 possit,
687 2819 829 2915 plurima
854 2821 886 2889 in
915 2817 1066 2889 editione
1084 2811 1222 2887 Beroli-

173 2945 269 3015 nensi
288 2942 479 3016 adiumenta
497 2945 593 3016 allata
607 2957 694 3030 sunt,
714 2970 816 3042 quum
829 2955 926 3015 antea
944 2945 978 3014 in
992 2942 1095 3013 dubia
1110 2952 1223 3013 textus

171 3071 372 3141 auctoritate
397 3081 430 3140 et
453 3069 519 3141 lide
545 3071 588 3142 de
615 3095 693 3141 vcra
720 3069 868 3140 lectione
893 3071 949 3139 vix
966 3064 1094 3165 aliquid
1112 3069 1223 3164 suspi-

52 3267 53 3279 ,
172 3197 240 3264 cari
260 3194 402 3266 licuerit.

247 3318 302 3391 Ad
332 3319 546 3418 physicarum
581 3323 861 3394 auscultationum
894 3322 998 3394 libros
1024 3347 1077 3392 ars
1101 3321 1219 3391 critica

171 3443 321 3516 nondum
340 3437 490 3519 adhibita
510 3460 562 3519 est
579 3449 715 3545 lateque
734 3460 827 3545 patet
843 3451 1114 3520 coniecturarum
1133 3471 1224 3517 cam·

172 3597 252 3666 pus,
278 3597 379 3668 quum
398 3598 510 3671 neque
529 3599 571 3644 ex
588 3576 746 3646 versione
763 3576 974 3669 germanica,
1001 3598 1099 3670 qnam
1118 3569 1223 3642 aduo-

171 3698 356 3768 tationibus
381 3710 583 3770 exstructam
611 3696 822 3771 Christianus
841 3697 1056 3770 Hermannus
1079 3695 1223 3768 Weisse

174 3820 281 3894 edidit
297 3821 409 3920 (Lips
431 3821 543 3910 1829)
568 3851 681 3924 neque
701 3851 743 3896 ex
760 3827 822 3896 ista
842 3823 1010 3910 editione,
1034 3849 1133 3921 quam
1160 3851 1222 3895 nu-

173 3951 319 4044 perrime
336 3946 478 4020 Carolus
491 3947 706 4022 Hermannus
721 3949 847 4023 Weise
862 3949 1037 4040 curavit*),
1050 3949 1091 4021 ad
1108 3976 1223 4022 emen-

173 4071 303 4144 dandos
340 4075 436 4145 locos
470 4073 623 4147 dil'lrciles
657 4077 784 4174 aliquid
821 4077 996 4148 lucremur.
1048 4073 1222 4146 Editionis

203 4356 231 4422 t)
243 4355 320 4408 Conl.
327 4356 403 4408 Neue
409 4356 512 4410 Jenuer
519 4355 818 4426 [atteratur-Zetaunpr
826 4355 935 4420 1842,Ν.
945 4355 1001 4417 124,
1012 4371 1071 4427 pag.
1080 4357 1129 4411 515
1144 4356 1220 4410 -517,
