3054 5174
679 388 703 462 3

624 491 764 500 --——-...—.

177 612 301 684 scilicet
316 624 350 682 et
364 611 485 684 multas
498 637 575 684 esse
589 631 642 684 res
655 613 763 702 albas,
773 610 955 709 itatlol.2ti
971 617 1058 708 init)
1075 617 1215 691 comta

173 734 229 809 dit:
242 736 337 811 ὥστε
349 737 464 812 πολλοὶ
478 739 577 810 ἔσται
590 738 637 812 τὰ
648 739 760 814 λενκὰ
771 739 836 814 καὶ
851 734 1033 836 μενούσης
1050 743 1216 836 ἀληθοῦς

169 870 227 956 τῆς
249 861 445 963 λεγομένης
469 859 680 958 προτάσεως
706 863 785 954 (lol.
802 861 851 938 25
871 855 983 938 b'sub
1009 865 1062 938 lin.
1087 872 1119 941 εἰ
1140 869 1215 968 yolo
1292 903 1295 912 ’

166 985 283 1082 μόνον
300 993 354 1082 εἴη
370 988 413 1062 τὸ
431 987 562 1064 λευκὸν
578 987 642 1062 καὶ
664 988 784 1085 μηδὲν
808 991 915 1083 ἄλλο,
942 991 992 1074 ὡς
1014 1000 1090 1068 πᾶν
1112 993 1215 1090 παρὰ

165 1112 204 1186 τὸ
228 1113 361 1188 λευκὸν
384 1114 435 1210 μὴ
464 1112 510 1188 ὃν
533 1113 626 1188 εἶναι
650 1113 715 1188 καὶ
736 1114 779 1190 τὸ
803 1114 855 1210 μὴ
881 1113 926 1192 ὃν
954 1115 1091 1212 μηδὲν,
1126 1118 1214 1196 οὐδὲ

164 1237 280 1322 οὕτως
298 1241 338 1313 ἓν
354 1247 407 1335 τῷ
425 1240 579 1335 ἀριθμῷ
597 1238 785 1314 δείκνυται
803 1239 846 1314 τὸ
871 1241 1018 1330 λευκὸν)
1045 1243 1147 1341 παρὰ
1171 1244 1213 1318 τὸ

162 1365 294 1440 λευκὸν
311 1363 440 1458 οὐδὲν,
465 1365 572 1448 ἄλλος
588 1364 661 1464 γὰρ
680 1365 853 1461 ἑκατέρου
871 1362 978 1464 λόγος
994 1365 1114 1445 καίτοι
1132 1377 1213 1444 λου-

159 1497 239 1565 κῶν
258 1490 404 1587 ἀμφοῖν
420 1490 700 1590 λεγομένων,-
717 1489 780 1562 sed
798 1489 862 1562 hac
880 1492 1010 1562 ratione
1030 1494 1058 1564 si
1077 1489 1213 1566 Aristo-

159 1614 239 1686 telis
256 1616 358 1687 verba
377 1612 596 1710 intelligenda
616 1625 748 1700 essent,
775 1615 823 1686 nil
845 1617 1031 1712 probarent
1049 1628 1084 1688 et
1101 1641 1212 1715 aequo

158 1741 234 1812 iure
265 1743 374 1812 omitti
408 1751 561 1837 possent.-
616 1736 798 1810 Themistii
832 1765 913 1811 vero
945 1743 1128 1838 explicatio
1163 1785 1213 1796 -

159 1864 291 1960 (fotlt
302 1864 336 1955 a)
350 1865 393 1940 τὸ
410 1869 553 1958 πλῆθος
569 1873 647 1940 τῶν
663 1873 805 1939 λευκῶν
822 1863 1045 1963 εὐφώρατον
1061 1867 1210 1961 ἅπαντι,

159 1992 237 2067 ἀλλ’
257 1994 297 2066 ἓν
312 1987 431 2085 μόνον
448 1994 541 2066 ἔστω
558 1991 601 2066 τὸ
613 1989 746 2065 honlo
760 1990 908 2086 συνεχὲς
924 1991 986 2065 καὶ
1004 1991 1212 2088 ἡνωμένον

162 2118 240 2190 ἀλλ’
259 2115 346 2192 οὐδὲ
364 2125 475 2191 τοῦτο
493 2119 532 2192 ἕν
545 2120 684 2192 ἔστινεί
701 2113 873 2209 οκοποίης
889 2116 984 2190 κατὰ
1003 2115 1069 2192 τὸν
1087 2114 1210 2217 λόγον,

162 2242 256 2316 ἀλλὰ
281 2240 351 2316 δύο
376 2239 618 2337 τούλάχιστον
643 2246 683 2316 ἐν
708 2242 812 2337 αὐτῷ
838 2238 881 2314 τό
906 2272 944 2316 τε
968 2241 1215 2340 ὑποκείμενον

160 2377 271 2464 σῶμα
288 2368 350 2442 καὶ
366 2367 389 2462 ἡ
406 2365 577 2462 λευκότης
595 2407 645 2420 -
664 2391 740 2436 oum
758 2365 940 2438 verborum
959 2392 1057 2453 nexu,
1077 2369 1211 2466 qualem

157 2491 251 2590 apud
269 2489 489 2564 Aristotelem
508 2493 662 2588 legimus,
680 2517 748 2562 non
768 2494 955 2578 consentit,
974 2503 1008 2564 et
1027 2465 1227 2568 obscurum'

52 2669 53 2714 3
161 2629 291 2704 manet,
310 2643 370 2690 cur
392 2630 510 2690 auctor
528 2642 623 2688 nunc·
636 2615 755 2696 dicere
771 2615 935 2703 voluerit,
953 2618 1104 2692 colorem
1129 2645 1148 2690 a
1174 2644 1210 2690 re

160 2745 309 2840 sepamri
325 2769 392 2814 non
410 2767 530 2839 posse;
558 2755 593 2814 et
609 2741 674 2814 hac
692 2743 765 2838 ipsa
785 2740 981 2814 difficultate
999 2755 1117 2814 motus
1125 2741 1211 2814 Phi·
1300 2795 1303 2802 ,

162 2843 307 2964 loponus
336 2868 379 2940 ad
411 2893 485 2940 eam
517 2867 778 2965 explicationem
812 2867 982 2964 confugit,
1010 2878 1048 2938 ut
1078 2865 1213 2954 dixerit,

160 2989 381 3064 Aristotelem
407 3018 526 3064 cavere
551 2994 719 3078 voluisse,
744 3018 788 3062 ne
814 2989 970 3062 Platonis
994 2992 1104 3063 ideam
1130 3020 1149 3064 a
1173 3019 1210 3066 re

160 3119 381 3214 separabilem
407 3117 533 3190 docere
557 3117 746 3199 videretur3
774 3159 823 3170 —
855 3116 923 3188 hoc
949 3142 1031 3188 vero
1057 3118 1213 3216 ineptum

161 3267 237 3314 esse
254 3269 357 3314 nenio
375 3269 440 3312 non
462 3241 564 3314 videt.
600 3239 640 3314 Si
658 3255 769 3314 autem
788 3255 954 3330 tenemus,
973 3242 1055 3342 quid
1076 3241 1210 3316 Aristo-

161 3368 244 3440 teles
263 3369 409 3464 probare
427 3367 586 3452 voluerit,
605 3371 669 3440 iam
687 3381 844 3464 apponet,
869 3391 1003 3440 omnem
1022 3394 1093 3444 rem
1113 3372 1145 3440 in
1166 3395 1209 3442 eo

160 3495 303 3579 versari,
321 3506 358 3565 ut
376 3491 549 3578 doceatur,
566 3495 687 3564 multas
703 3522 764 3576 res,
783 3502 911 3564 etiamsi
927 3522 1029 3568 unaco
1045 3495 1211 3592 ‘quoddam

159 3621 202 3689 de
224 3629 265 3690 iis
279 3620 512 3718 praestentur,
537 3620 609 3690 ideo
632 3646 697 3688 non
721 3645 824 3688 atnam
847 3645 918 3690 rena
940 3647 1022 3703 essm
1046 3619 1093 3690 nil
1117 3617 1210 3690 alind

159 3768 239 3814 vcro
258 3753 478 3815 monstratum
497 3757 577 3829 erat,
596 3769 694 3840 quam
707 3743 856 3814 colorem
869 3745 980 3840 ipsum
993 3755 1027 3814 et
1042 3765 1117 3814 rem
1133 3768 1209 3814 oum

157 3881 334 3962 gerentem
360 3869 522 3942 conlundi
548 3895 614 3942 non
644 3869 801 3976 debete,¹
816 3881 850 3941 et
868 3871 1089 3966 praecipuum
1107 3870 1210 3966 igitur

157 4006 408 4088 argumentum,
446 4020 500 4066 res
529 3995 663 4066 scilicet
693 3997 795 4066 misso
829 3994 947 4064 colore
975 3994 1090 4090 plures
1121 4019 1211 4078 esso,

158 4119 269 4192 adhuc
296 4118 523 4205 desideratur,
560 4119 652 4217 quod
686 4119 825 4217 quidem
852 4129 885 4190 in
911 4121 1026 4192 verbis
1053 4119 1117 4194 καὶ
1141 4120 1211 4194 οὐκ

158 4247 258 4320 ἔσται
287 4245 387 4343 παρὰ
413 4247 454 4320 τὸ
479 4245 611 4321 λευκὸν
635 4244 747 4320 οὐδὲν
765 4243 953 4344 χωριστόν
978 4244 1078 4316 nobis
1105 4244 1210 4314 latere

961 4368 1012 4443 1*
