3054 5174
186 1559 287 1682 Quo
312 1595 394 1692 quis
419 1590 529 1689 plura
553 1599 588 1663 et
613 1593 757 1662 maiora
780 1593 816 1662 in
843 1616 911 1661 nos
944 1586 1120 1662 beneficia
1144 1616 1231 1662 oon-

184 1746 307 1842 gessit
324 1749 360 1813 et
378 1768 452 1841 quo
470 1739 721 1813 vehementius
740 1742 884 1812 animus
904 1767 973 1812 nos
991 1737 1163 1837 impellit,
1182 1750 1234 1832 ut,

185 1919 262 1964 non
281 1895 318 1963 in
337 1895 508 1988 ingratos
532 1917 577 1963 ea
600 1887 789 1962 cumulata
812 1916 910 1974 osse,
935 1889 1175 1988 profiteamur
1199 1902 1235 1964 et

185 2050 384 2132 testemur,
414 2067 457 2114 eo
489 2045 609 2140 magis
640 2036 781 2113 debiles
805 2067 875 2113 nos
900 2067 983 2114 esse
1011 2051 1047 2113 et
1070 2046 1234 2140 impares

188 2194 389 2282 sentimus,
422 2218 497 2264 uon
527 2188 610 2262 dieo
641 2216 682 2262 re
712 2201 747 2264 et
779 2187 886 2265 lactis
918 2189 1134 2285 referendo,
1169 2191 1233 2265 sed

188 2338 304 2415 rerba
330 2345 437 2413 etiem
470 2345 555 2439 ipsa
585 2351 763 2442 tanquam
788 2343 932 2414 tritaet
958 2337 1131 2440 vulgaria
1157 2348 1235 2416 ani-

189 2517 288 2564 mum
323 2516 486 2591 aequare
520 2517 595 2562 uon
630 2517 745 2589 posse
785 2517 1021 2587 summopere
1057 2489 1236 2566 dolemus.

194 2640 273 2716 Sed
290 2646 550 2714 suavissimum
570 2654 692 2714 tamen
717 2639 889 2743 idemque
908 2639 1237 2716 honorificentissi-

191 2819 289 2865 mum
313 2801 349 2865 et
373 2797 467 2889 ipsis
491 2789 599 2864 nobis
625 2801 699 2884 est,
731 2798 781 2884 si,
815 2801 906 2893 quot
931 2805 967 2866 et
991 2803 1132 2894 quanta
1155 2799 1236 2867 viro

190 2941 491 3041 praeclarissimo
517 2939 735 3034 debeamus,
758 2940 907 3041 publice
930 2941 1040 3016 lateri
1065 2952 1119 3035 et,
1149 2943 1236 3043 quid

192 3100 396 3168 sentiamus
415 3090 566 3184 saltem,
584 3099 776 3167 enuntiare
795 3091 890 3166 licet.

267 3250 325 3318 lta
349 3247 418 3318 'l'u
444 3269 613 3346 quoque,
641 3244 927 3318 nummum
956 3242 1240 3336 TfflERSGfl,

195 3401 261 3470 vir
285 3395 607 3470 illustrissime
634 3405 766 3496 atque
791 3399 1105 3486 ornatissime,
1124 3399 1240 3484 sinaS,

192 3573 354 3650 quaeso,
380 3555 421 3619 ut
444 3555 555 3645 grato
582 3569 681 3618 nuno
700 3549 822 3618 animo
842 3544 983 3638 dicam,
1006 3555 1146 3647 quanto
1170 3544 1241 3618 cle-

192 3701 330 3771 mentia
365 3697 435 3768 'l'u
476 3695 641 3770 sodalem
684 3721 740 3768 me
777 3695 980 3769 Seminarii
1015 3692 1242 3794 Plrilologioi

194 3851 435 3922 Monacensis
453 3850 659 3920 institueris
679 3857 789 3948 atque
808 3844 1002 3938 docueris,
1021 3853 1161 3946 quanta
1181 3843 1242 3920 be·

195 4003 378 4098 nignitate
397 3998 467 4070 Tu
492 4023 611 4070 meum
630 4003 667 4070 in
687 3996 784 4071 hano
802 3995 1083 4071 Rerolinensern
1101 3995 1242 4072 littera·

195 4176 278 4223 rum
297 4153 575 4222 universitatem
594 4147 854 4245 proficiscendi
879 4145 1075 4221 consilium
1095 4145 1243 4219 adiure-

197 4303 269 4393 ris,
295 4311 385 4402 quot
410 4298 569 4399 denique
595 4297 760 4374 consiliis
788 4301 856 4372 Tu
882 4325 938 4372 me
963 4301 1108 4372 rexeris
1135 4303 1171 4370 et
1197 4294 1243 4369 ad
1293 4371 1295 4376 ,
