3054 5174
694 379 839 492 A&

244 607 318 709 γὰρ
335 607 418 684 ἶσον
435 604 622 704 διάστημά
641 633 756 703 φησιν
773 606 860 700 (ἶσοι
878 607 951 708 γὰρ
971 607 991 680 ὅ
1012 636 1047 679 τε
1057 607 1183 701 μένων
1193 607 1304 706 ὄγκος

245 732 309 810 καὶ
324 732 343 808 ὁ
358 731 561 832 φερόμενος
572 737 610 818 ἐξ
622 731 818 824 ἐναντίων)
827 735 897 807 οὐκ
909 737 950 807 ἐν
962 736 1032 829 ἴσῳ
1043 729 1152 806 δίεισι
1162 729 1302 828 χρόνιμ

246 857 310 933 καὶ
328 855 477 957 σφόδρα
494 888 536 959 γε
554 854 585 931 nl
603 854 810 954 θαυμάσιε·
842 858 886 934 τὸ
906 857 977 954 μέν
998 858 1071 958 γὰρ
1092 858 1258 952 ἕστηκεν,
1284 856 1304 930 ὁ

249 981 289 1058 (ll
308 985 563 1063 ἀντικινεῖται·
588 988 620 1058 εἰ
643 981 682 1058 (ll
701 985 830 1079 έμενον
848 986 984 1081 ἄμφω,
1007 979 1087 1056 τότ’
1113 982 1162 1059 ἂν
1185 979 1306 1080 παρά-

250 1117 362 1210 λογον
372 1105 429 1204 ἢν.
458 1107 589 1208 Aperta
607 1107 695 1180 hoec
714 1121 748 1180 et
765 1109 879 1206 plano3
899 1110 1028 1180 etiamsi
1044 1119 1157 1181 autem
1171 1105 1307 1182 Aristo-

250 1235 339 1308 teles
357 1234 471 1308 multis
489 1236 600 1333 iisque
620 1233 817 1307 difficilibus
834 1235 949 1307 vorbis
968 1233 1011 1306 de
1031 1234 1151 1308 eodem
1170 1259 1206 1306 re
1225 1259 1308 1330 ege-

249 1361 309 1446 rit,
327 1359 407 1432 ideo
425 1360 481 1432 itu
499 1361 599 1434 nobis
614 1371 774 1457 suspecta
788 1385 866 1432 esso
880 1385 948 1432 non
962 1373 1122 1456 possunt,
1140 1384 1308 1434 summoc-

250 1509 319 1582 quo
343 1487 493 1559 insaniae
518 1497 553 1556 et
576 1487 776 1557 temeritatis
804 1498 876 1570 est,
900 1487 928 1560 si
948 1488 1024 1584 quis
1044 1487 1089 1558 ob
1109 1511 1182 1558 enm
1201 1485 1306 1556 solnm

252 1636 404 1696 causam,
429 1613 507 1710 quio
526 1611 671 1704 intelligi
689 1635 756 1682 non
776 1612 925 1706 possint,
951 1636 988 1682 eo
1007 1608 1188 1684 Aristoteli
1212 1612 1308 1684 obiu-

253 1733 362 1822 dicen
394 1761 494 1834 quam
520 1737 683 1808 mtionem
712 1737 881 1822 criticam,
914 1735 1105 1808 facillimam
1130 1752 1242 1822 corte,
1274 1739 1308 1808 in

251 1857 455 1936 Aristotelis
469 1864 670 1958 praesertim
689 1862 852 1958 operibus
870 1861 1034 1936 adbibere
1055 1861 1219 1961 quosdam
1238 1887 1306 1934 non

251 1983 383 2084 puduit.
436 1982 579 2060 Summo
605 1989 720 2084 itaque
745 1985 862 2058 studio
885 2000 921 2060 et
944 1986 1202 2084 diligentissima
1229 2013 1310 2060 cura

254 2109 451 2184 enitendum
471 2125 540 2198 ost,
565 2125 603 2184 ut
628 2113 694 2184 illis
718 2113 875 2186 obscuris
892 2114 1009 2186 verbis
1024 2115 1154 2186 bonum
1171 2138 1309 2186 sensum

253 2238 367 2311 inesse
391 2249 627 2310 monstremus.
667 2236 702 2310 A
726 2235 907 2336 Simplicio
931 2251 1059 2325 autem,
1084 2241 1142 2337 qui
1169 2237 1249 2310 salsa
1273 2249 1310 2312 et

253 2387 415 2461 perversa
439 2361 483 2434 de
510 2361 675 2434 hocloco
702 2363 903 2461 disputavit,
925 2363 1103 2437 refutando
1123 2362 1310 2450 ordiamur;

254 2486 338 2562 dicit
352 2491 451 2560 enim
475 2485 713 2582 (t01.237b):
744 2487 899 2566 στάδιον
922 2489 1160 2585 ὑποτίθεται,
1192 2495 1239 2588 ἐφ
1264 2484 1309 2564 οὗ

253 2613 296 2688 τὸ
315 2613 357 2689 ‹le
372 2654 424 2682 .-
449 2613 542 2712 quod
560 2639 636 2686 eum
656 2640 699 2688 ex
716 2643 779 2688 suo
797 2615 995 2690 Aristotelis
1014 2616 1200 2714 exemplari
1218 2643 1307 2688 sums

252 2740 375 2837 puisse,
393 2739 516 2837 aliquis
532 2742 696 2838 suspicari
715 2744 838 2839 possit,
853 2745 910 2814 vix
927 2768 1008 2814 vero
1029 2741 1308 2827 crediderim-,

254 2864 318 2940 καὶ
332 2865 501 2964 τέσσαρα
529 2867 672 2967 μεγέθη
699 2867 722 2962 ἢ
747 2868 905 2962 ὃσαοῦν,
932 2871 1042 2967 ἄρτια
1070 2865 1191 2964 μόνον
1215 2868 1310 2944 ὥστε

255 2993 350 3086 ἔχειν
365 2990 493 3086 ἥμισυ,
513 2989 667 3093 lodoyco
773 2996 829 3091 ἐφ’
849 2988 903 3069 ὥν
919 2993 966 3068 τὰ
984 3023 1100 3088 αααα,
1119 2994 1170 3078 ὡς
1187 2993 1230 3072 τὸ
1246 2994 1313 3090 μέ-

256 3140 323 3192 σον
341 3112 527 3214 διάστημα
547 3120 690 3214 ἐπέχειν,
702 3129 770 3193 τοῦ
789 3119 945 3194 σταδίου
956 3123 1097 3195 ἑστῶτα
1109 3129 1228 3194 ταῦτα

254 3241 318 3316 καὶ
335 3240 518 3340 λαμβάνει
538 3246 670 3328 ἄλλους
681 3246 862 3345 τέσσαρας
878 3248 1012 3347 ὄγκους
1024 3247 1046 3342 ἢ
1058 3244 1200 3344 κύβους
1210 3249 1313 3328 ἴσους

254 3375 330 3453 τοῖς
347 3371 477 3444 ἑστῶσι
495 3369 559 3444 καὶ
575 3369 617 3444 τὸ
634 3371 795 3472 μέγεθος
811 3371 875 3446 καὶ
892 3373 960 3448 τὸν
977 3373 1158 3470 ἀριθμὸν,
1182 3374 1236 3470 ἐφ’
1257 3365 1313 3446 ιῦν

254 3494 302 3570 τὰ
313 3496 451 3593 ββββ,
474 3497 702 3595 ἀρχομένους
723 3495 794 3592 μὲν

256 3618 359 3715 δίου,
384 3629 632 3705 τελευτῶντας
657 3621 697 3696 δὲ
720 3623 815 3698 κατὰ
841 3624 882 3697 τὸ
900 3627 1015 3720 μέσον
1032 3633 1110 3700 τῶν
1126 3622 1314 3724 τεττάρων

256 3775 371 3840 αααα,
392 3748 463 3841 (-
481 3749 535 3818 cui
553 3750 638 3818 ratio
657 3752 870 3843 geometrica
887 3762 1074 3848 repugnat,
1093 3775 1195 3848 quum
1214 3751 1313 3822 stadii

256 3871 436 3970 longitudo
456 3885 491 3946 et
510 3898 692 3971 corporum
711 3901 871 3947 numerus
884 3878 947 3948 inm
963 3890 1062 3949 anteo
1075 3875 1211 3948 delinita
1228 3880 1314 3962 sint3

257 4024 338 4070 casu
357 4001 445 4070 enim
465 4011 594 4072 tantum
612 3999 772 4074 accidere
790 4015 930 4098 posset,
948 4014 985 4074 ut
1004 4001 1149 4076 totidem
1168 4028 1313 4100 corpora

255 4126 400 4222 spatium
418 4153 436 4197 a
456 4124 595 4200 dimidio
615 4124 714 4198 stadii
732 4152 842 4225 usque
861 4127 1020 4202 adfinem
1040 4129 1219 4225 implerent
1241 4129 1313 4219 —)

177 4351 183 4360 Ι
255 4253 497 4350 κινουμένους
515 4250 555 4328 δι’
574 4248 728 4336 τούτους
746 4253 796 4337 ὡς
816 4254 873 4329 ε’τιὶ
890 4255 934 4330 τὸ
952 4259 1109 4350 ἔσχατον
1134 4264 1202 4331 τοῦ
1226 4281 1314 4332 στα-
