3054 5174
710 405 758 482 23

661 511 811 520 -——-.---

467 629 537 712 m.
555 631 611 729 u,
635 650 662 710 a.
681 631 718 729 o,
742 649 819 734 pag.
837 630 919 728 213,
942 630 994 712 31.

207 759 266 832 ‹tat›
285 758 327 832 τὸ
344 767 475 854 πλῆρες
494 761 600 856 ἀέρος
616 759 726 836 κενὸν
740 757 854 858 εἶναι]
879 759 1026 846 Eorum,
1045 764 1101 858 qui
1117 785 1260 832 vacuum

206 897 263 956 aut
283 909 360 956 esse
377 896 435 954 aut
452 911 520 956 non
541 911 619 956 esse
638 886 892 972 contenderint,
919 889 1102 982 opiniones
1125 884 1266 958 Aristo,

207 1011 292 1080 tetes
310 1009 378 1080 hoc
397 1013 509 1106 capite
529 1013 694 1084 examinat
713 1037 860 1110 eosque,
878 1015 935 1110 qui
949 1013 1104 1108 negarint
1117 1037 1260 1086 vacuum

205 1161 299 1220 esse,
323 1160 485 1232 perversa
504 1135 539 1208 id
564 1139 695 1208 ratione
719 1140 884 1235 probasse
910 1137 1010 1224 dicit,
1036 1165 1139 1236 quum
1162 1164 1260 1210 mon-

205 1264 400 1346 straverint,
418 1274 510 1334 utres
529 1289 656 1334 vacuos
675 1289 828 1359 magnam
848 1267 914 1335 vim
932 1264 1077 1349 habere,
1103 1263 1261 1336 homines

205 1405 302 1474 vero,
321 1414 421 1485 quam
438 1387 557 1458 salsum
576 1391 620 1459 sit
637 1402 888 1484 argumentum,
906 1391 1056 1462 sensisse
1074 1399 1198 1460 narrat:
1226 1389 1261 1460 οἱ

205 1513 245 1588 tt
265 1516 460 1611 ἄνθρωποι
478 1510 680 1608 βούλονται
700 1514 810 1590 κενὸν
827 1515 919 1590 εἶναι
938 1512 1149 1610 detornant,
1171 1499 1262 1610 ἑνῷ

204 1638 322 1734 μηδέν
344 1643 417 1712 ἐστι
443 1647 551 1735 σῶμα
577 1638 762 1736 αἰσθητόν
786 1643 868 1734 (sed
885 1641 1031 1712 homines
1059 1643 1100 1712 id
1117 1665 1260 1710 vacuum

204 1773 381 1847 nominant,
399 1775 435 1835 in
452 1791 513 1862 quo
530 1763 620 1836 nehel
632 1782 739 1837 est-
750 1777 786 1836 tn
802 1765 930 1838 utribus
946 1794 1021 1838 aero
1032 1776 1147 1838 nocue
1163 1766 1261 1838 diaes

178 1957 180 1962 ,
206 1903 266 1961 atr
282 1891 414 1984 ast—)‚
435 1889 595 1986 οἰόμενοι
613 1890 654 1965 δὲ
668 1892 711 1966 τὸ
728 1892 886 1968 tattiano
897 1893 991 1968 εἶναι
1008 1889 1115 1988 σῶμά
1129 1915 1258 1990 φασιν,

208 2021 247 2090 ἐν
264 2011 293 2113 ᾧ
311 2016 403 2099 ὅλως
419 2016 538 2113 μηδέν
556 2021 643 2110 ἐστι,
662 2020 768 2092 τοῦτ’
798 2020 891 2093 εἶναι
918 2017 1028 2094 κενόν
1045 2025 1160 2116 (quum
1183 2045 1258 2088 nero

207 2144 369 2231 iuta'icent,
388 2168 496 2228 omne,
521 2144 612 2240 quod
630 2153 764 2228 exerat,
789 2171 906 2243 corpus
931 2173 998 2216 esse
1020 2187 1071 2198 -·-
1094 2159 1126 2215 et
1148 2153 1259 2214 at‘rem

205 2277 324 2361 agitur,
342 2277 462 2366 quippe
478 2278 535 2366 qui
552 2279 678 2342 existat
691 2311 755 2354 -,
778 2273 819 2342 id
831 2286 971 2355 tantum,
994 2281 1031 2342 ἐκ
1047 2297 1109 2369 qao
1117 2295 1260 2369 prorsus

193 2393 293 2464 nihil
311 2402 368 2477 sa't,
391 2421 533 2466 vacuum
556 2396 765 2493 appellant),
785 2439 831 2450 -
851 2399 916 2468 iam
941 2409 1131 2495 sequuntur
1154 2395 1260 2468 verba

203 2519 273 2590 iila:
299 2519 358 2593 διὸ
382 2519 425 2593 τὸ
450 2528 581 2617 πλῆρες
604 2521 709 2618 ἀέρος
731 2521 841 2598 κενὸν
863 2523 984 2616 aiant,
1004 2548 1023 2594 e
1048 2523 1175 2621 quibus
1197 2545 1258 2592 ne-

202 2648 375 2741 gationem
395 2645 574 2730 excidisse,
593 2657 629 2718 et
646 2656 724 2718 ante
735 2645 844 2722 κενόν
857 2646 1020 2744 igiturpri
1038 2646 1257 2722 inserendum

204 2795 299 2856 esse,
328 2771 601 2843 manifestissime
624 2783 779 2868 apparet,
810 2798 913 2870 quom
939 2785 1009 2845 trun
1032 2773 1173 2846 *demum
1199 2771 1257 2844 hic

205 2921 324 2968 sensus
342 2900 556 2968 necessarius
575 2895 754 2969 efficiatur:
772 2901 860 2970 unde
883 2887 1050 2986 etiamid,
1075 2901 1165 2998 quod
1178 2909 1256 2970 atre

148 3087 150 3091 ,
204 3023 368 3122 impletum
386 3039 434 3094 est
449 3027 559 3118 (utres
575 3024 666 3115 scil.)
684 3051 749 3094 nort
765 3051 907 3096 vacuum
924 3053 991 3096 esse
1008 3027 1124 3098 alicam
1138 3024 1257 3119 etfol-

201 3176 271 3220 sum
288 3152 365 3222 inde
387 3163 620 3244 argumentum
643 3159 801 3220 oetaeum.
834 3147 1064 3222 Consentiunt
1082 3152 1182 3222 etiam
1207 3173 1257 3234 ea,

203 3300 290 3372 quae
318 3287 521 3372 sequuntur:
553 3277 723 3350 οὔκουν
746 3285 856 3350 τοῦτο
880 3274 1166 3368 initiatarum,
1199 3273 1254 3348 ὅτι

202 3404 274 3474 ἔστι
293 3431 327 3474 τι
347 3400 366 3473 ὃ
386 3401 469 3498 ἀὴρ,
489 3403 570 3474 ἀλλ’
589 3401 645 3475 ὅτι
663 3431 695 3476 κ.
711 3433 741 3475 τ.
757 3411 786 3475 λ.
816 3400 964 3474 Prorsus
982 3401 1065 3474 salse
1084 3400 1255 3497 explicant

202 3523 420 3624 Simplicius,
452 3523 685 3613 Themistius,
712 3524 929 3625 Philoponus
957 3531 1068 3600 minus
1096 3537 1254 3600 accurate

199 3650 396 3725 Aristotelis
415 3652 519 3722 verba
537 3653 760 3748 inspicientes
780 3651 943 3739 dicentis,
968 3653 1123 3724 homines
1141 3650 1194 3737 id,
1218 3653 1253 3722 in

201 3804 268 3875 quo
286 3803 426 3874 prorsus
444 3776 527 3847 nihil
547 3818 593 3830 -
608 3777 700 3862 ὅλως
714 3776 834 3874 μηδὲν
845 3779 965 3862 -sit,
983 3803 1127 3850 vacuum
1144 3779 1254 3851 nomi-

198 3930 278 3976 nare
298 3915 333 3974 et
352 3927 464 3986 omne,
483 3901 577 3999 quod
592 3905 723 3990 existat,
743 3929 868 4001 corpus
881 3928 958 3975 esse
971 3915 1106 4000 putare;
1124 3914 1157 3974 at
1172 3902 1254 3976 falsa

200 4027 350 4102 lectione
364 4029 475 4100 coacti
489 4031 534 4100 ita
548 4053 621 4100 eam
636 4030 808 4126 explicare
822 4029 1002 4115 studuere,
1013 4041 1171 4126 tanquam
1187 4036 1254 4114 aer,

199 4159 256 4251 qui
275 4159 385 4228 minus
402 4179 540 4226 sensum
558 4153 672 4241 feriat,
695 4155 776 4227 ideo
804 4181 930 4252 corpus
956 4180 1042 4240 esse,
1057 4154 1252 4242 hominibus

199 4305 267 4350 non
285 4283 377 4352 visus
394 4281 447 4352 sit.
