3054 5174
646 458 793 570 „ffi-

193 717 291 790 quum
308 685 510 784 atraquoss-
523 684 659 778 cingula
677 713 700 756 α
718 698 751 754 ot
765 681 901 776 singule
917 709 1002 781 7-
1020 683 1106 753 idem
1123 697 1248 780 ternpus

190 828 226 888 in
237 813 481 916 praetereundo
502 813 532 907 β
553 823 752 881 conmemorat
793 805 905 879 Totus
923 809 1038 904 itaque
1062 807 1158 878 locus
1177 811 1246 878 siu·

191 943 295 1039 gulis,
319 965 403 1038 quas
425 939 683 1035 proposuimus,
708 928 1004 1006 emendationibus
1028 935 1178 1030 receptis
1202 936 1246 1004 ita

195 1067 369 1140 decurret:
394 1064 476 1139 οἷον
500 1065 667 1138 ἔστωσαν
684 1063 718 1136 οἱ
737 1063 889 1143 ἑστῶτες
906 1063 977 1134 ἴσοι
997 1061 1099 1159 ὄγκοι
1119 1061 1174 1157 ἐφ’
1194 1053 1248 1134 ὧν

192 1194 238 1268 τὰ
257 1223 326 1287 αα,
346 1193 382 1266 οἱ
399 1190 434 1266 δ’
453 1191 509 1288 ἐφ’
530 1183 585 1266 ὧν
602 1188 648 1263 τὰ
666 1189 723 1285 ββ
741 1182 939 1282 ἀρχόμενοι
958 1185 1031 1258 άπὸ
1048 1193 1116 1259 τοῦ
1132 1186 1249 1281 μέσου

193 1327 269 1395 τῶν
287 1347 330 1412 α,
349 1321 421 1390 ἰ’σοι
440 1317 507 1392 τὸν
525 1314 697 1414 ἀριθμὸν
714 1308 858 1394 τούτοις
876 1313 978 1395 ὄντες
1001 1310 1065 1386 καὶ
1082 1311 1124 1384 τὸ
1142 1311 1249 1410 μίγε-

193 1449 275 1539 θος,
295 1445 330 1518 οἱ
347 1443 382 1518 ‹l⁰
402 1444 458 1541 ἐφ’
478 1435 534 1518 ὧν
549 1441 596 1515 τά
613 1467 663 1542 χχ
681 1437 839 1512 ἀπὸτοῦ
857 1435 1015 1532 ἐσχάτου
1027 1445 1106 1512 τῶν
1117 1439 1157 1533 β,
1176 1441 1248 1512 ἴσοι

194 1571 262 1646 τὸν
286 1569 456 1668 ἀριθμὸν
479 1564 625 1650 τούτοις
649 1567 753 1648 ὄντος
775 1563 839 1638 καὶ
856 1562 898 1637 τὸ
914 1565 1075 1664 μέγεθος
1091 1564 1155 1639 καὶ
1173 1569 1250 1639 ἶσο-

195 1703 317 1792 ταχεῖς
332 1701 408 1778 τοῖς
424 1697 469 1792 β·
505 1690 706 1790 συμβαίνει
731 1689 778 1785 δὴ
801 1689 844 1762 τὸ
868 1697 1019 1787 πρῶτον
1042 1692 1071 1789 β
1095 1691 1174 1788 ἅμα
1193 1691 1251 1766 ἐπὶ

140 1877 142 1880 -
195 1831 248 1921 τῷ
266 1817 409 1919 ἐσχάτῳ
427 1820 520 1896 εἶναι
538 1819 601 1894 καὶ
612 1818 655 1893 τὸ
674 1825 824 1916 πρῶτον
839 1844 864 1916 χ
880 1817 965 1914 παρ’
979 1818 1113 1912 ἄλληλα
1125 1847 1252 1895 κινου-

196 1951 339 2045 ¹rcciuua'
358 1944 558 2044 συμβαίνει
577 1944 624 2040 δὴ
641 1943 687 2018 τὰ
706 1940 847 2045 χιιαρᾶ
866 1938 988 2018 πάντα
1002 1943 1251 2039 διεξεληλυθέ-

198 2103 279 2167 ναι,
303 2074 349 2148 τὰ
368 2072 407 2148 δὲ
424 2075 454 2169 β
470 2072 572 2171 παρὰ
590 2071 635 2146 τά
652 2068 783 2166 ἡμίση·
808 2066 901 2140 ὥστε
917 2067 1058 2163 ἥμισυν
1074 2071 1167 2145 εἶναι
1185 2071 1253 2147 τὸν

194 2198 349 2298 χρόνον,
373 2204 457 2274 ἴσον
479 2197 553 2298 γὰρ
571 2192 745 2293 ἑκάτερόν
769 2199 845 2268 ἐστι
869 2196 953 2290 παρ’
973 2195 1145 2272 ἕκαστον·
1171 2197 1251 2293 ἅμα

197 2325 237 2400 ula*
257 2322 457 2422 συμβαίνει
475 2324 518 2400 τὸ
535 2325 565 2420 β
581 2321 681 2419 παρὰ
700 2317 823 2395 πάντα
841 2319 888 2394 τὰ
910 2349 936 2422 χ
957 2326 1251 2420 παρεληλυθέναι

199 2450 294 2547 (ἅμα
317 2450 392 2552 γάρ
416 2452 516 2523 ἔσται
542 2448 584 2522 τὸ
607 2456 757 2547 πρῶτον
782 2475 807 2546 χ
831 2446 894 2521 καὶ
917 2448 960 2522 τὸ
983 2457 1133 2546 πρῶτον
1149 2453 1178 2548 fi
1196 2452 1254 2526 ἐπὶ

198 2583 275 2661 τοῖς
298 2573 479 2658 ἐναντίοις
502 2570 681 2670 ἐσχάτοις)
718 2577 801 2648 ἴσον
822 2570 964 2670 χρόνον
987 2577 1072 2674 παρ’
1098 2577 1254 2652 ἕκαστον

198 2700 398 2804 γινόμενον
420 2709 498 2776 τῶν
519 2729 545 2801 χ
568 2699 658 2777 ὅσον
674 2727 741 2797 περ
759 2707 837 2775 τῶν
854 2729 897 2794 α,
923 2700 974 2784 ὥς
990 2727 1096 2800 φησι,
1122 2703 1185 2778 διὰ
1209 2705 1252 2779 τὸ

102 2867 106 2882 ·
200 2825 394 2928 ἀμφότερα
411 2831 495 2902 ἴσον
507 2823 649 2924 χρόνον
665 2825 766 2922 παρὰ
784 2825 831 2899 τὰ
848 2828 877 2922 β
892 2826 1102 2929 γίγνεσθαι.
1122 2867 1173 2880 -
1214 2826 1252 2900 Io

202 2981 244 3026 eo
285 2952 423 3052 quidem
457 2952 580 3050 aliquis
614 2951 756 3024 haerere
790 2954 923 3050 possit,
972 2953 1066 3052 quod
1108 2955 1252 3027 stadium

203 3091 238 3150 et
255 3081 364 3176 ipsum
383 3103 520 3150 currere
539 3077 685 3164 debeat,
702 3078 806 3150 altera
823 3103 906 3150 vero
926 3105 1043 3151 eorum
1062 3106 1255 3176 corporum,

202 3230 290 3304 quae
307 3206 436 3276 moveri
455 3203 613 3292 debeant,
630 3217 739 3290 stent,
752 3245 804 3258 --
821 3204 885 3276 scd
903 3205 1137 3278 mathematica
1154 3221 1193 3279 ut
1210 3209 1255 3280 ita

203 3331 313 3402 dicam
330 3332 538 3403 necessitate
556 3334 726 3428 cogimur,
744 3343 782 3402 ut
805 3331 894 3402 hauc
913 3332 1176 3428 explicationem
1201 3359 1255 3405 se-

204 3482 359 3555 quamur,
382 3458 411 3527 si
430 3455 568 3554 quidem
586 3457 641 3528 illa
658 3458 763 3528 verba
787 3459 821 3531 οἱ
840 3457 879 3532 δὲ
967 3455 1164 3556 άρχόμινοι
1183 3459 1257 3534 ἀπὸ

204 3589 271 3657 τοῦ
295 3582 411 3680 μέσου
511 3585 546 3656 οἱ
571 3582 612 3658 cla*
711 3583 785 3657 ἀπὸ
812 3592 880 3658 τοῦ
905 3581 1063 3680 ἐσχάτου
1086 3597 1257 3671 tenemus3

204 3709 291 3780 haec
309 3719 421 3778 autem
445 3720 503 3780 aut
526 3711 653 3780 eiicere
677 3723 734 3780 aut
753 3711 928 3780 immutare
946 3712 1147 3782 temeritatis
1166 3723 1258 3783 essct

205 3832 296 3907 lraucl
319 3857 460 3930 parvae,
483 3862 585 3933 quom
610 3835 716 3908 licere
740 3847 914 3933 putemus,
936 3847 974 3906 ut
997 3836 1162 3907 litterulas
1186 3837 1258 3909 illas

208 3961 357 4057 singulas
375 3961 408 4030 iu
428 3963 618 4057 posteriore
635 3962 770 4059 periodi
785 3973 881 4059 parte
895 3963 1112 4058 corrigamus
1131 3965 1259 4060 quippe

210 4111 295 4184 quae
314 4113 357 4158 cx
374 4087 483 4158 libero
502 4087 713 4160 librariorum
732 4089 870 4160 arbitrio
883 4087 1040 4158 facillime
1058 4091 1177 4161 mutari
1196 4115 1259 4188 po-

210 4193 341 4282 tuerint.
377 4209 457 4292 Quo
482 4213 634 4301 accedit,
658 4213 753 4312 quod
771 4213 931 4300 fortasse,
955 4226 991 4285 ut
1015 4216 1080 4285 iam
1106 4214 1261 4301 diximus,

183 4401 187 4408 .
211 4341 243 4409 iu
264 4337 317 4410 illa
335 4340 405 4436 ipsa
419 4343 560 4426 ratione,
578 4352 615 4414 ut
628 4340 771 4427 videtur,
789 4367 949 4438 perversa
960 4344 1262 4438 argumentationis
