3054 5174
772 379 820 456 24

732 491 773 497 ...-
782 487 874 496 ...ι-

529 679 598 764 uu
617 679 672 782 u,
696 700 725 761 τ.
742 679 782 778 2,
806 699 885 786 pag.
902 681 993 781 222,
1017 683 1074 766 22.

346 861 480 936 Defiuit
496 875 626 949 ammos,
644 860 729 961 quid
746 865 790 936 sit
807 863 851 938 τό
864 865 954 938 ποτέ
970 863 1022 936 his
1034 863 1166 936 verbis:
1184 865 1227 938 τὸ
1245 863 1330 940 ποτὲ

267 987 405 1086 χρόνος
422 989 627 1086 ὡρισμένος
643 988 735 1086 πρὸς
752 989 795 1062 τό
817 987 1000 1088 πρότερον
1024 997 1115 1084 νῦν,
1141 990 1222 1066 οἷον
1245 990 1331 1065 ποτὲ

272 1113 418 1212 ἐλήφθη
439 1113 553 1210 Ίροόοι
578 1112 641 1188 καὶ
657 1112 744 1188 ποτὲ
763 1117 863 1190 ἔσται
886 1113 1159 1214 κατακλυσμός·
1185 1116 1245 1192 dci
1258 1116 1331 1218 yolo

272 1239 504 1338 πεπεράνθαι
529 1238 621 1336 πρὸς
637 1239 680 1312 τὸ
704 1248 794 1315 νῦν·
820 1243 920 1316 ἔσται
946 1243 1020 1339 ἄρα
1044 1239 1158 1326 ποσός
1179 1273 1235 1326 τις
1259 1242 1331 1317 ἀπὸ

271 1367 382 1444 τοῦδε
396 1365 533 1464 χρόνος
548 1364 613 1440 καὶ
630 1369 681 1448 εἰς
698 1370 851 1461 ἐκεῖνον,
870 1367 935 1442 καὶ
951 1364 999 1461 ἦν
1010 1373 1061 1451 εἰς
1072 1367 1115 1442 τὸ
1127 1364 1329 1466 παρελθόν.

271 1491 309 1564 ln
328 1494 382 1566 his
399 1495 464 1566 iam
484 1517 527 1564 cx
545 1490 702 1586 exemplo
720 1487 822 1562 ulluto
840 1503 1000 1589 apparet,
1024 1491 1093 1566 duo
1119 1517 1247 1590 genem
1265 1502 1332 1568 τοῦ

272 1617 358 1694 ποτὲ
389 1617 524 1704 doceri,
553 1617 712 1701 alterum,
752 1616 846 1714 quod
875 1617 918 1689 ad
949 1629 1084 1718 tempus
1112 1623 1332 1717 praeteritum

272 1756 418 1843 spectet,
436 1744 578 1816 alterum
592 1741 687 1842 quod
704 1741 748 1812 ad
765 1742 929 1829 futurum
948 1743 1075 1817 deinde
1094 1747 1195 1818 etium
1214 1759 1332 1842 aperte

273 1882 489 1956 monstratur,
506 1895 523 1940 a
543 1880 699 1964 tempore
717 1873 890 1966 praesenti
910 1869 1103 1942 exeundum
1118 1874 1245 1944 esseio
1259 1897 1330 1944 me-

272 1996 392 2070 tiendo
411 2021 515 2094 quum
532 1996 718 2092 praeterito
742 2005 813 2066 tum
837 1994 968 2080 luturo;
992 1999 1022 2068 si
1046 1999 1162 2095 itaque
1188 1995 1332 2070 dicimus

273 2122 378 2216 ποτὲ,
409 2135 545 2218 tempus
569 2133 627 2192 aut
649 2123 834 2218 praeterito
860 2124 1005 2194 termino
1031 2122 1126 2194 finire
1148 2147 1331 2219 possumus

273 2262 333 2322 aut
348 2248 478 2333 luturo,
502 2258 556 2318 est
579 2248 683 2342 igitur
707 2245 750 2320 τὸ
767 2245 854 2322 ποτὲ·
867 2244 1005 2345 χρόνος
1022 2247 1224 2345 ὡρισμένος
1239 2248 1330 2344 πρὸς

272 2375 316 2450 τό
333 2371 514 2471 πρότερον
530 2371 593 2446 καὶ
609 2371 652 2446 τό
676 2371 834 2470 ὕστερον
854 2381 944 2467 νῦν,
971 2384 1007 2445 et
1031 2376 1076 2445 ita
1101 2385 1195 2446 certe
1214 2398 1328 2446 emcn-

274 2500 408 2574 dandus
438 2499 501 2572 erit
532 2497 590 2570 hic
619 2497 735 2583 locus,
767 2497 1054 2596 quemadmodum
1085 2498 1332 2572 dilucidissime

273 2631 339 2702 ium
357 2649 401 2698 cx
418 2636 570 2696 veterum
589 2628 841 2697 commentariis
863 2637 973 2723 patet,
997 2628 1055 2722 qui
1079 2649 1200 2698 omnes
1217 2651 1333 2698 veram

274 2755 458 2826 lectionem
484 2751 784 2836 circumscribunt;
809 2747 1009 2848 Simplicius
1037 2753 1127 2823 euim
1152 2750 1237 2824 dicit
1260 2750 1334 2841 (lol.

275 2879 358 2965 177,
383 2878 439 2967 bl:
465 2879 564 2952 ἔστιν
587 2865 658 2952 οὖν
678 2901 768 2974 φησι
794 2876 836 2950 τό
861 2876 948 2952 ποτὲ
970 2874 1108 2976 χρόνος
1130 2877 1335 2976 ὡρισμένος

274 3002 365 3102 πρός
394 3034 433 3077 τε
462 3003 506 3076 τὸ
530 2999 713 3098 πρότερον
736 3011 808 3078 νῦν
830 3003 893 3078 καὶ
919 3003 963 3078 τό
986 3003 1144 3101 ὕστερον
1166 3013 1258 3096 νῦν,
1283 3043 1334 3056 -

274 3131 508 3227 Philoponus:
527 3129 569 3202 τὸ
587 3129 677 3203 ποτέ
691 3155 780 3226 φησι
795 3127 932 3226 χρόνος
947 3127 1163 3227 ὁριζόμενος
1175 3129 1248 3203 ὑπὸ
1261 3126 1332 3203 όόο

274 3266 347 3334 νῦν
371 3265 439 3330 τοῦ
470 3285 508 3330 τε
532 3258 729 3338 ἐνεστῶτος
757 3254 933 3330 κάκείνου
961 3260 1001 3330 ἐν
1032 3249 1109 3353 ᾦῆ
1134 3252 1332 3356 χέχονινῆ

275 3388 377 3458 ἔσται
394 3382 437 3456 τὸ
454 3389 629 3481 πρᾶγμα,
647 3419 698 3434 -
717 3377 929 3454 Themistius
946 3407 1028 3453 vero
1047 3380 1122 3476 (sol.
1139 3378 1198 3466 47,
1216 3378 1273 3472 b):
1290 3379 1333 3454 τὸ

274 3509 316 3586 δὲ
333 3507 421 3584 ποτὲ
434 3504 571 3603 χρόνος
589 3505 792 3604 ὡρισμένος
805 3506 880 3581 ὑπὸ
894 3515 961 3582 τοῦ
979 3505 1163 3605 παρόντος
1180 3515 1253 3583 νῦν
1269 3505 1333 3580 καὶ

274 3645 342 3712 τοῦ
360 3635 542 3732 προτέρου
559 3632 622 3707 καὶ
639 3641 706 3708 τοῦ
724 3633 952 3731 όστὲρον,--
969 3660 1058 3732 quos
1076 3646 1146 3706 tres
1158 3658 1333 3706 commeo

276 3764 436 3834 todorum
455 3761 553 3832 locus
571 3762 678 3830 textui
698 3759 912 3832 emendando
930 3761 1149 3855 gravissimos
1176 3762 1210 3830 in
1230 3758 1333 3830 scho-

275 3888 396 3960 liorum
416 3887 639 3971 collectione,
667 3910 766 3981 quum
785 3885 892 3958 editio
910 3883 1150 3960 Berolinensis
1168 3887 1333 3969 continet,

275 3993 401 4086 frustm
417 4014 635 4110 quaesiveris.

1507 821 1512 862 l
