3054 5174
709 447 758 524 35

659 551 809 558 —-·-—-—-—-

206 685 274 751 τού
291 682 328 762 ἐξ
346 671 391 750 οὐ
409 674 449 749 dd
468 675 541 750 κᾶν
558 675 671 759 αὐτὸς
695 675 788 768 (scil.
815 672 1115 772 ὁἈριατοτέλης)
1138 703 1257 771 παρα-

206 803 366 876 λέλοιπεν
384 801 495 894 αὐτὸ,
521 801 566 874 τὰ
593 797 690 874 αὐτά
714 830 791 884 παις
814 801 980 875 ὐννατύν
998 801 1114 900 λέγειν
1131 828 1161 874 κ.
1179 830 1208 873 τ.
1227 809 1257 876 λ.

206 930 234 998 si
253 929 356 1023 igitur
374 928 442 998 hoc
462 953 503 999 ex
522 953 584 998 suo
604 952 642 998 se
661 925 836 998 addidisse
855 927 993 1011 latetur,
1013 951 1055 997 eo
1075 928 1181 1020 magis
1198 925 1258 996 ad-

205 1053 375 1138 ducimur,
402 1065 439 1124 ut
464 1066 639 1148 putemus,
671 1077 746 1124 eum
774 1055 807 1124 in
833 1050 1021 1126 Aristotele
1047 1054 1149 1126 etiarn
1171 1051 1259 1126 illud

204 1179 396 1275 exemplum
415 1187 482 1252 τοῦ
500 1179 594 1252 κατὰ
613 1175 729 1254 τόπον
746 1175 1043 1276 μεταβάλλοντος
1056 1182 1134 1271 ¹·(slc
1147 1175 1259 1271 Ἀθη-

203 1333 269 1388 νας
285 1307 350 1397 sc.)
367 1316 560 1400 separatum
578 1305 621 1376 ab
647 1305 704 1376 illo
732 1313 800 1380 τοῦ
817 1305 1103 1399 λευκαινομένον
1120 1302 1257 1376 eadem-

202 1457 269 1528 que
299 1433 431 1502 ratione
464 1442 651 1506 enarratum
680 1432 816 1527 legisse.
861 1428 1043 1504 Themistii
1074 1431 1256 1527 explicatio

202 1569 319 1628 nostro
343 1555 541 1628 Aristotelis
566 1560 673 1628 textui
705 1559 813 1652 magis
842 1556 1098 1628 accommodata
1123 1555 1258 1630 videtur

202 1682 274 1774 (lol.
289 1679 370 1770 llll:
389 1682 469 1756 οἷον
482 1683 524 1756 τὸ
543 1681 830 1780 λευκαινόμενον
847 1689 898 1766 εὶς
914 1682 957 1756 τὸ
969 1679 1176 1778 νοούμενον
1191 1713 1257 1777 με-

201 1805 398 1904 ταβάλλειν
415 1808 510 1882 κατὰ
530 1809 787 1906 συμβεβηκὸς,
814 1818 866 1906 τῷ
882 1807 955 1909 γὰρ
970 1805 1141 1905 χρώματι
1162 1833 1256 1904 συμ-

202 1936 361 2030 βέβηκεν
378 1934 420 2007 τὸ
442 1938 629 2028 νοεῖσθαι,
650 1940 700 2018 εὶς
717 1934 757 2010 dd
772 1943 908 2032 χρῶμα
925 1934 1020 2009 κατὰ
1038 1935 1166 2031 μέρος,
1191 1936 1256 2029 μέ

204 2090 266 2157 ρος
276 2059 347 2161 γὰρ
357 2069 425 2136 τοῦ
434 2057 633 2156 χρώματος
645 2061 687 2134 τὸ
701 2061 842 2146 λευκὸν,
849 2061 911 2136 καὶ
926 2066 976 2143 εἰς
988 2059 1057 2156 τὴν
1067 2057 1254 2157 Εὐρώπην

204 2187 297 2260 κατὰ
319 2189 430 2283 μέρος
456 2164 508 2260 ὅτι
536 2191 585 2270 εἰς
603 2181 864 2281 'illiricum-usic
892 2187 1030 2281 μέντοι
1049 2186 1091 2260 τὸ
1124 2187 1255 2264 λευκὸν

197 2322 332 2410 χρῶμα
350 2313 372 2407 ἢ
391 2309 609 2408 εἲςἎθηνας
625 2317 715 2388 καθ’
734 2310 838 2388 αὐτό.
868 2311 923 2384 Ex
942 2313 994 2383 his
1012 2311 1254 2409 suspicandum

201 2438 306 2526 loret,
336 2437 418 2509 illud
444 2437 588 2510 alterum
612 2440 804 2536 exemplum
828 2451 885 2510 aut
910 2440 1062 2533 primitus
1088 2446 1140 2532 (ut
1165 2437 1256 2535 apud

202 2560 435 2661 Simplicium)
453 2567 485 2636 in
506 2564 687 2638 codicibus
705 2576 896 2661 separatum
907 2575 1028 2660 postea
1038 2567 1158 2660 partim
1178 2589 1255 2636 cum
1331 2587 1332 2591 ’

201 2692 326 2762 ceteris
358 2690 536 2763 conlusum
562 2693 683 2788 partim
710 2693 857 2762 eiectum
885 2715 961 2761 esse
992 2701 1050 2762 aut
1075 2692 1187 2763 statim
1210 2691 1254 2762 ab

201 2818 296 2886 initio
315 2817 523 2888 coniunctim
543 2843 618 2888 cum
643 2817 749 2888 altero
776 2818 808 2887 in
837 2817 928 2886 hunc
947 2815 1017 2888 lere
1035 2815 1172 2888 modurn
1191 2841 1255 2912 po-

201 2943 299 3046 situm
319 2941 439 3014 luisse:
458 2943 546 3034 οἷον
563 2943 605 3016 τὸ
624 2939 911 3038 λενκαινέμενον
927 2941 949 3036 ἢ
968 2942 1010 3015 τὸ
1029 2947 1079 3025 εἰς
1094 2938 1255 3035 Ἀθήνας

201 3068 312 3143 ὐπιὸν
328 3073 378 3151 εἰς
394 3066 464 3164 μέν
481 3067 523 3140 τὸ
543 3066 749 3164 νοούμενον
766 3064 988 3163 μεταβάλλει
1007 3067 1102 3142 κατὰ
1114 3070 1254 3162 συμβε-

198 3195 315 3289 βηκὸς
332 3201 399 3291 (τῷ
415 3193 488 3294 γὰρ
499 3190 671 3289 χρώματι
689 3194 900 3287 συμβέβηκε
915 3197 1085 3268 νοεῖσθαι
1100 3193 1163 3268 καὶ
1175 3200 1255 3275 ταῖς

195 3317 398 3414 Ἀθήναις),
424 3325 473 3402 εἰς
495 3317 535 3392 dr*
556 3327 692 3415 χρῶμα
718 3317 813 3391 κατὰ
840 3321 966 3417 μέρος,
995 3319 1049 3392 ὅτι
1075 3320 1186 3415 μέρος
1210 3318 1252 3392 τὰ

198 3447 329 3521 λευκὸν
345 3423 412 3520 rod
426 3442 626 3542 χρώματος
643 3443 706 3518 καὶ
724 3450 774 3527 εὶς
791 3444 860 3538 τὴν
879 3435 1083 3542 Εὐρώπην,
1109 3444 1166 3518 ὅτι
1189 3444 1254 3538 μέ-

199 3603 262 3669 ρος
279 3574 478 3666 αὶἈθῆναι
497 3580 560 3666 τῆς
573 3568 765 3667 Εὐρώπης,
785 3577 835 3654 εἰς
852 3555 893 3645 dd
911 3572 953 3646 τὸ
972 3572 1102 3646 λευκὸν
1116 3578 1253 3668 χρῶμα

199 3699 222 3788 ἢ
247 3696 296 3782 εἷς
314 3695 476 3792 Ἀθήνας
500 3699 588 3770 καθ’
614 3695 717 3772 αὐτό.
755 3694 869 3774 Quum
895 3710 1006 3768 autem
1031 3700 1088 3768 vix
1110 3697 1253 3791 cogitari

199 3827 324 3920 possit,
350 3835 401 3894 tot
427 3824 559 3918 singula
583 3825 687 3896 verba
711 3836 746 3894 et
769 3825 854 3894 miro
881 3848 961 3894 casu
987 3847 1024 3894 ea
1050 3824 1251 3894 seinvicem

199 3937 417 4048 respicientia
436 3949 625 4034 excidisse,
644 3949 764 4020 melius
782 3949 993 4046 putabimus,
1012 3973 1049 4018 ea
1068 3945 1253 4020 verbosanti

199 4082 249 4159 εἰς
265 4076 334 4171 τὴν
353 4071 537 4172 Εὐρώπην
627 4072 806 4170 Εὐρώπης
823 4075 865 4146 ab
879 4073 1017 4146 homine
1035 4073 1121 4146 male
1146 4069 1251 4144 docto

200 4200 369 4299 adscripta
389 4204 593 4296 interpretes
611 4200 751 4270 multum
770 4225 928 4320 versasse,¹
954 4202 1011 4297 qui
1031 4195 1184 4296 qualibet
1200 4224 1251 4269 re·

199 4330 293 4398 tione
312 4353 351 4398 ea
370 4325 569 4424 explicanda
588 4327 790 4396 arbitrantes
815 4328 915 4396 etiarn
939 4337 1054 4398 cetera
1078 4349 1121 4396 ex
1138 4335 1251 4396 mente

200 4451 392 4526 addiderint
412 4464 447 4526 et
464 4453 578 4524 locum
596 4453 711 4548 itaque
729 4451 970 4546 suppleverint.
