3054 5174
671 419 797 534 aa

199 665 339 724 mereor.
359 647 421 736 lll,
438 648 472 735 ll,
490 673 521 745 p.
541 627 631 732 374,
650 649 687 734 b,
704 643 787 740 22)·,
813 661 848 720 at
866 671 910 718 ne
927 645 1010 718 illud
1029 646 1170 745 quidem
1188 649 1251 722 ob·

198 790 280 864 stat,
305 773 398 874 qu'od
417 774 635 874 syllogismus
654 776 729 870 ipse
748 773 768 847 ὃ
786 772 963 869 περὶτῶν
981 776 1022 850 ἐν
1038 781 1091 871 τῷ
1109 772 1250 871 σταδίῳ

196 904 429 1000 κινουμένων
446 903 571 1001 ὄγκων
587 901 798 984 nominatum
821 923 861 970 ea
889 900 977 972 enim
1005 899 1104 972 solita
1123 911 1251 972 tantum

197 1027 399 1124 significatio
420 1039 509 1112 erat,
526 1052 590 1125 qua
611 1051 687 1098 eum
706 1024 942 1122 appellabant,
959 1026 1060 1101 siculi
1079 1026 1099 1102 ὁ
1117 1024 1252 1102 καλού-

194 1183 304 1249 μενος
322 1152 502 1248 Ἀχιλλεὺς
527 1164 562 1223 et
585 1151 608 1246 ἡ
634 1151 755 1235 ὀϊστὸς
779 1152 1012 1249 ponpeium).
1065 1147 1107 1224 Si
1135 1155 1251 1250 itaque

196 1279 341 1356 stadium
366 1281 477 1376 ipsum
504 1279 637 1350 obviam
663 1289 819 1350 movetur
842 1277 888 1350 illi
921 1280 1075 1374 corpori,
1110 1277 1206 1376 quod
1232 1305 1250 1350 a

195 1407 261 1478 fine
279 1404 381 1477 sladii
400 1406 531 1476 initium
550 1415 662 1476 motus
679 1403 798 1490 habet,
824 1403 919 1501 plura
938 1428 1039 1489 vero,
1062 1428 1163 1501 quam
1182 1402 1251 1476 duo

198 1555 344 1629 corpora
368 1543 458 1602 mota
476 1556 543 1602 noo
570 1540 663 1614 sunt,
688 1531 752 1600 iam
779 1553 924 1602 necesse
950 1541 1019 1615 ast,
1043 1541 1081 1602 ut
1106 1528 1250 1602 stadium

200 1660 299 1730 etiam
318 1659 394 1728 vice
412 1656 501 1728 illius
519 1655 656 1728 alterius
675 1659 759 1728 moli
779 1657 935 1752 corporis
954 1654 1112 1752 iungatur
1130 1666 1166 1726 et
1184 1667 1252 1728 ter·

196 1786 278 1856 tium
305 1780 477 1880 quoddam
504 1785 688 1880 quiescens
705 1778 813 1866 adsit,
844 1781 876 1850 in
903 1806 972 1876 quo
996 1781 1097 1854 huius
1121 1792 1251 1852 motum

196 1911 381 1980 metiamur.
434 1904 511 1980 Hac
538 1906 673 1980 demum
700 1907 832 1976 ratione
857 1906 1001 2002 intelligi
1029 1918 1160 2004 potest,
1192 1931 1253 1980 cnr

198 2033 406 2106 Aristoteles
418 2045 470 2106 tot
482 2033 596 2106 verbis
610 2057 681 2104 rem
697 2044 855 2129 exponat,
874 2057 972 2131 qnam
986 2034 1095 2132 primo
1109 2044 1253 2130 aspectu

202 2161 309 2257 quivis
342 2171 456 2232 menie
486 2160 687 2257 percepisse
717 2158 783 2230 sibi
808 2156 979 2243 videatnr3
1010 2182 1128 2230 revera
1163 2160 1253 2230 enim

199 2311 286 2382 opus
311 2297 397 2371 erat,
429 2297 468 2356 ut
498 2285 586 2356 hanc
611 2282 839 2356 difficillimam
865 2285 1192 2379 argumentationem
1219 2295 1254 2356 ct

198 2413 389 2484 intricatum
421 2410 773 2508 sophismapluribus
804 2408 935 2495 verbis,
964 2411 1045 2506 quin
1074 2407 1253 2506 liguris**)

198 2537 388 2610 illustraret.
913 2523 917 2532 ¹

275 2659 314 2734 Si
334 2664 437 2758 igitur
454 2662 597 2757 singulis
615 2661 737 2736 litteris
755 2662 887 2758 singula
912 2685 1057 2759 corpora
1082 2658 1253 2757 significe-

199 2814 291 2873 mus,
310 2788 445 2860 huncce
464 2790 497 2858 io
517 2787 654 2860 modum
675 2812 714 2860 ea
733 2787 837 2860 luisse
857 2786 1021 2884 disposita
1040 2798 1213 2884 putamus:

301 2942 626 2988 αααααααα

467 3042 886 3178 νβββββββῇ

760 3191 1146 3267 κνννννννν

201 3319 347 3390 corpora
371 3295 400 3389 (l
426 3304 504 3364 sunt
522 3290 686 3377 stadium,
711 3293 744 3362 in
770 3316 839 3389 quo
859 3290 997 3390 quidem
1017 3315 1162 3386 corpora
1187 3317 1255 3392 ya

200 3417 264 3490 line
279 3420 476 3517 incipientia
491 3429 527 3490 et
543 3443 687 3515 corpora
707 3446 731 3492 α
748 3444 767 3488 a
786 3416 900 3490 medio
919 3418 1116 3514 incipientia
1133 3415 1255 3488 decur-

202 3569 276 3616 rere
303 3541 488 3630 deberent3
513 3568 616 3641 quum
643 3567 725 3614 vero
751 3545 955 3640 corporibus
971 3572 1008 3644 y,
1035 3567 1122 3640 quae
1150 3553 1255 3614 totam

200 3699 399 3710 ..-.-.·--——

267 3772 297 3844 3)
315 3769 479 3825 Aristoteles
497 3771 559 3844 ipae
579 3773 674 3844 (phys.
694 3789 768 3828 ausc.
787 3771 836 3837 Vl,
849 3772 879 3836 2,
897 3788 924 3842 p.
936 3770 1000 3836 233,
1018 3771 1051 3838 b,
1069 3770 1115 3842 23)
1134 3786 1194 3824 eam
1214 3788 1258 3824 ar-

200 3863 374 3935 gumentandi
395 3863 543 3931 rationem,
570 3884 622 3936 qua
645 3869 790 3932 docuerat,
816 3864 845 3920 τὸ
865 3867 915 3920 νῦν
932 3864 1089 3936 ἀδιαίρετον
1108 3879 1184 3929 esse,
1210 3863 1258 3920 τὸν

202 3957 289 4030 λόγον
307 3961 354 4013 rori
373 3955 471 4027 τάχους
489 3959 646 4030 appellavit

252 4051 297 4120 ll)
314 4049 494 4104 Aristotelem
506 4049 606 4120 figuras
617 4051 705 4106 textui
717 4051 876 4116 inseruisse,
890 4049 1015 4106 sexcenti
1027 4048 1085 4104 loci
1098 4054 1259 4114 monstrant,

204 4157 320 4210 quorum
337 4142 475 4197 nonnullis
493 4141 620 4196 distincte
638 4143 774 4198 lectorem
789 4145 823 4196 ad
839 4140 1078 4214 contemplandam
1095 4139 1259 4210 descriptio-

202 4247 265 4286 nem
283 4234 405 4306 ablegata
421 4241 536 4289 meteor.
555 4236 579 4300 1,
593 4235 625 4299 8,
641 4235 742 4307 pald,
756 4235 804 4299 31;
821 4234 886 4288 ibid.
905 4235 943 4300 11,
958 4235 989 4302 6,
1006 4251 1033 4306 p.
1045 4233 1108 4300 363,
1127 4233 1175 4297 253
1192 4231 1258 4284 ibid.

202 4325 250 4392 111,
269 4328 298 4393 5,
316 4329 415 4398 para,
432 4328 465 4394 b,
485 4329 529 4392 183
548 4337 575 4381 et
593 4328 704 4400 saepius
720 4328 748 4380 iu
767 4327 830 4382 hist.
848 4328 929 4381 anim.
948 4333 976 4381 et
994 4327 1136 4398 degener.
1156 4323 1236 4379 anim.

1036 4423 1060 4500 li
