3054 5174
783 407 869 519 18·-

279 635 417 730 μένσν·
448 633 543 708 alona
574 640 605 707 el
627 636 715 710 καθ’
739 632 924 709 ὑπόθεσιν
947 637 1096 730 ἄπειρος
1120 631 1186 729 ἦν,
1218 639 1258 710 ἐν
1284 645 1336 733 τῷ

279 761 381 856 μέσῳ
396 760 545 854 κειμένη
564 760 615 844 uic
633 769 704 838 νῦν
722 761 792 854 ἔχει
803 817 812 852 ,
841 761 886 833 od
914 757 1008 834 dedra
1035 761 1184 856 ἄπειρος
1208 758 1257 856 ἦν
1273 763 1336 836 καὶ

281 881 468 982 ἐστήριξεν
492 889 532 960 ἐν
557 887 669 982 ἑαυτῇ
693 889 835 983 ἔμενεν,
873 887 947 959 ἀλλ’
980 885 1037 960 ὅτι
1067 888 1192 982 μένειν
1220 893 1261 964 ἐν
1284 896 1337 984 τῷ

281 1012 381 1107 μέσῳ
391 1006 509 1107 βάρος
527 1013 661 1104 ἔχουσα
680 1008 862 1107 ἐπεφύκει.
895 1008 1037 1108 Optime
1055 1014 1170 1109 itaque
1189 1013 1272 1086 illud
1291 1015 1336 1088 οὐ

281 1149 359 1208 ante
383 1137 547 1234 πέφυκεν
572 1134 648 1206 cod.
671 1133 702 1206 E
732 1138 873 1222 omittit,
897 1161 998 1234 quem
1024 1159 1211 1236 sequentes
1236 1141 1335 1212 etiam

282 1266 344 1333 tria
370 1261 425 1332 illa
449 1262 551 1334 verba
575 1301 623 1314 ·-
648 1263 705 1336 ἐπὶ
731 1271 798 1336 τσῦ
824 1263 940 1358 μέσον
964 1304 1014 1316 -
1039 1288 1137 1360 quae·
1152 1262 1337 1350 abundent,

282 1386 469 1460 resecanda
497 1386 711 1484 putamus“);
738 1413 852 1485 neque
880 1413 962 1458 vero
988 1392 1099 1461 minus
1122 1388 1336 1460 manifestum

284 1527 352 1597 est,
382 1525 459 1584 ante
483 1512 687 1584 vocabulum
713 1513 804 1608 ἐξείη
836 1514 1055 1586 inserendum
1082 1540 1160 1586 esse
1184 1517 1270 1604 οὐκ;
1301 1513 1336 1586 id

283 1641 373 1712 anim
398 1643 508 1736 ipsum
536 1635 744 1710 Aristoteles
775 1651 962 1710 monstrare
992 1641 1114 1725 voluit,
1147 1641 1265 1734 inepte
1294 1640 1336 1712 ab
1365 1627 1369 1634 ¹

282 1763 488 1860 Anaxagora
517 1763 605 1834 illam
636 1789 770 1835 oausam
795 1773 863 1840 τοῦ
895 1765 1132 1862 στηρίζεσθαι
1162 1768 1203 1838 ἐν
1232 1764 1337 1862 αὐτῷ

283 1892 414 1964 allatam
434 1914 527 1974 esee,
547 1891 773 1987 exemploque
792 1902 901 1962 terrae
919 1917 1000 1962 usus
1019 1915 1108 1960 nuuc
1128 1888 1337 1962 concludere

285 2017 406 2090 debet:
425 2017 488 2088 sed
500 2029 610 2086 tamea
627 2016 792 2112 (quamvis
808 2044 851 2086 ro.
870 2032 962 2087 terra
980 2044 1003 2086 a
1019 2030 1145 2086 notura
1162 2024 1336 2086 consumta

215 2171 217 2177 ·
283 2154 333 2227 ait,
350 2158 388 2213 ut
401 2151 437 2214 ira
447 2131 560 2212 'audio
577 2143 733 2231 maneat)
751 2144 862 2214 dicere
878 2169 956 2212 noer
980 2142 1063 2224 licet,
1080 2167 1155 2212 eam
1171 2168 1195 2210 a
1210 2168 1245 2210 ae
1261 2151 1335 2238 aaran

270 2269 409 2366 fulciri.
443 2264 492 2336 lta
527 2264 662 2336 demum
697 2266 848 2338 lectione
878 2266 1057 2338 emendata
1088 2267 1331 2362 argumentatio

283 2397 374 2467 bene
390 2393 569 2466 cohaeret:
587 2402 617 2463 ri
632 2402 739 2486 igitur
752 2421 793 2464 aa
806 2408 899 2464 terra
911 2394 1233 2491 quidmnproptercu,
1250 2391 1338 2488 quod

282 2518 589 2620 ae-ipacmfuleiot,
607 2529 749 2616 quiescit,
767 2521 829 2591 red
841 2529 921 2617 quio
929 2519 1064 2616 pondus
1079 2515 1192 2600 habet,
1202 2516 1335 2615 pondua

284 2673 359 2717 cero
375 2656 412 2717 tn
428 2646 534 2716 medio
551 2654 700 2741 quiescit,
714 2686 763 2696 -—
779 2645 879 2715 simili
895 2647 989 2716 modo
1006 2654 1107 2714 etiam
1123 2643 1165 2720 τὸ
1184 2644 1337 2738 ἄπειρον

283 2771 388 2842 aliem
404 2767 444 2840 ob
462 2796 600 2840 caream
616 2779 767 2868 quiescet,
787 2797 889 2869 quam
913 2780 993 2868 quia
1015 2771 1180 2866 irfinitum
1197 2776 1242 2838 rit
1256 2781 1291 2837 et
1302 2793 1336 2835 re

282 2906 389 2993 iprum
393 2895 537 2990 fodiat.

558 3088 699 3191 Lib.lll,
723 3113 751 3175 t.
769 3085 806 3193 5,
831 3095 918 3194 206,
946 3095 1051 3176 4-6

355 3269 478 3344 Multis
502 3277 710 3368 argumentis
734 3273 939 3346 Aristoteles
964 3275 1031 3344 hoc
1059 3274 1171 3368 capite
1202 3271 1335 3366 probat,

279 3400 445 3496 infinitum
467 3425 533 3468 non
565 3408 719 3482 aniame,
751 3425 893 3497 quorum
924 3411 1133 3496 postremum
1165 3396 1233 3467 hoc
1267 3376 1335 3467 est:

281 3525 404 3607 ἁπλῶς
421 3523 456 3598 d*
474 3528 505 3596 el
522 3521 715 3600 odalman
731 3522 847 3602 τόπον
865 3528 1018 3624 ἄπειρον
1036 3524 1129 3599 εἶναι
1139 3583 1148 3617 ,
1175 3527 1216 3598 ἐν
1232 3520 1335 3619 τόπῳ

280 3650 320 3724 δὲ
338 3660 414 3726 πᾶν
432 3657 551 3744 σῶμα,
572 3647 767 3728 ἀδύνατον
778 3649 932 3748 ἄπειρόν
941 3681 975 3724 τι
990 3650 1083 3726 εἶναι
1095 3658 1223 3747 oollae·
1243 3647 1334 3721 ἀλλὰ

330 3938 360 4010 a)
378 3937 512 3994 Similiter
528 3941 577 4008 Vl,
594 3939 624 4006 8,
642 3941 706 4006 238,
722 3941 756 4006 b,
779 3939 810 3996 31
830 3939 907 3994 solus
926 3940 987 3996 cod.
1006 3939 1028 3992 E
1050 3939 1079 3992 in
1103 3937 1196 3992 verbis
1214 3939 1245 3992 iv
1263 3927 1286 4008 ᾧ
1303 3937 1334 3991 δὲ

275 4029 371 4105 χρόνῳ
387 4030 552 4103 particulam
571 4032 735 4100 tramittit,
758 4049 811 4103 qua
834 4033 938 4088 inserta
956 4031 1130 4086 enunciatum
1152 4029 1271 4102 epodosi
1288 4045 1334 4084 ca-

279 4129 335 4188 ret;
354 4124 398 4178 eui
417 4124 515 4196 optimi
532 4125 607 4179 illius
625 4125 730 4179 codicis
749 4125 908 4180 auctoritati
926 4125 1047 4188 accedit,
1066 4123 1138 4192 quod
1156 4123 1206 4188 V1‚
1224 4123 1255 4187 6,
1274 4122 1332 4188 236,

279 4218 306 4281 b,
323 4217 365 4284 22,
382 4217 430 4271 ubi
448 4219 543 4272 eadem
561 4217 658 4272 iisdem
677 4218 735 4272 fere
753 4219 845 4272 verbis
864 4218 937 4272 dicta
955 4222 1110 4281 occurrunt,
1132 4214 1222 4269 nullus
1241 4217 1332 4270 codex

279 4312 309 4364 δὲ
325 4310 459 4366 insertum
476 4311 600 4382 praebet.
