3054 5174
654 411 798 525 Aa*

200 642 445 738 κινουμένων·
464 639 662 736 συμβαίνει
681 637 728 733 δὴ
746 637 803 732 (δὲ
815 634 920 709 FHK
938 651 973 710 et
992 635 1112 735 simpl.
1131 641 1164 709 in
1185 663 1252 734 par.

201 779 237 838 et
253 763 353 842 Alex„
371 793 422 862 ep.
440 763 577 863 simpl.)
600 764 642 839 τὸ
668 765 730 858 (τὰ
756 761 805 836 ΕΙ
829 759 1003 866 εῐιὸἱιυρΙ.
1026 765 1060 834 in
1086 762 1255 862 lemm.)y

200 889 301 988 παρὰ
319 887 442 966 πάνια
459 889 505 964 τὰ
531 890 611 980 (oin.
624 887 682 984 E)
704 893 734 987 β
756 892 796 984 (α
813 886 882 960 FK
909 901 943 962 et
968 885 1089 986 simpl.
1116 914 1193 960 cum
1218 889 1253 959 in

201 1017 310 1088 lenum.
329 1029 399 1088 tum
418 1017 540 1112 inpar.
559 1027 593 1086 et
610 1015 710 1092 Alex„
730 1042 782 1112 ep.
802 1011 938 1111 Simpi.)
959 1013 1252 1109 διεξεληλυθέναι

200 1142 472 1237 (διεληλυθέναι
491 1138 527 1212 Η
551 1151 586 1212 et
603 1137 725 1239 simpl.
744 1143 777 1212 in
796 1167 864 1238 per.
882 1153 916 1212 et
928 1137 1029 1212 Alex.
1047 1166 1099 1237 ap.
1116 1136 1255 1236 simpl.)

199 1267 246 1342 τὰ
263 1267 321 1362 (τὸ
334 1265 366 1338 Ε
380 1278 414 1338 et
429 1263 549 1364 Simpl.
561 1269 594 1338 in
611 1267 696 1364 par.)
710 1265 749 1341 δὲ
766 1270 847 1360 (om.
861 1263 893 1354 Ι)
905 1269 934 1362 β
945 1266 1046 1364 παρὰ
1064 1265 1111 1339 τὰ
1127 1264 1252 1362 ἡμίση·

199 1393 293 1468 ὥστε
311 1391 391 1483 (καὶ
409 1390 487 1467 add.
510 1389 546 1462 H
569 1403 604 1462 et
621 1387 743 1489 simpl.
762 1393 797 1462 in
815 1391 943 1483 lemm.)
966 1391 1107 1488 ἥμισυν
1123 1389 1254 1488 (ἥμισυ

198 1516 230 1590 F
232 1515 285 1607 Η)
310 1518 403 1593 εἶναι
428 1493 496 1594 τδν
516 1513 674 1615 χρόνον·
698 1523 782 1593 ἴσον
802 1516 881 1612 (ἶσα
907 1515 959 1610 Η)
982 1517 1056 1618 γὰρ
1082 1513 1256 1616 ἑκάτερόν

201 1649 276 1718 ἐστι
292 1645 377 1738 παρ’
397 1644 553 1716 ἕκαστον
570 1644 716 1736 (αὐτῶν
731 1642 808 1716 add.
820 1641 886 1732 E)·
906 1643 985 1739 ἅμα
1000 1641 1040 1718 δέ
1053 1641 1253 1740 συμβαίνει

201 1769 247 1844 τὰ
265 1769 323 1861 (ιδ
340 1767 389 1858 Ε)
403 1770 435 1871 β
451 1769 521 1864 (affl
534 1766 584 1862 E)
601 1769 703 1868 παρὰ
714 1765 837 1844 πάντα
850 1768 897 1842 τὰ
910 1797 936 1871 y
949 1768 1254 1867 παρεληλυθέναι·

203 1895 281 1992 ἅμα
297 1893 371 1996 γὰρ
390 1895 491 1968 ἔσεαι
510 1895 601 1982 (ἔστι
613 1889 750 1985 FHlK)
768 1893 811 1968 τὸ
829 1903 980 1994 πρῶτον
996 1923 1021 1996 y
1037 1894 1100 1968 καὶ
1112 1893 1154 1968 τὸ
1172 1895 1254 1988 (om.

205 2018 325 2118 simpl.
342 2022 376 2090 in
396 2019 521 2105 iemm.)
546 2027 695 2117 πρῶτον
716 2021 746 2116 β
770 2018 829 2092 έπί
851 2028 928 2105 τοῖς
951 2020 1131 2104 ἐναντίοις
1148 2015 1256 2116 ἐσχά-

204 2175 296 2239 τοις,
326 2150 410 2220 ἴσον
429 2139 570 2241 χρόνον
598 2145 683 2242 παρ’
707 2146 864 2222 ἕκαστον
893 2143 1094 2249 γινόμενον
1120 2155 1199 2221 τῶν
1226 2147 1256 2242 β

203 2271 293 2347 ὅσον
309 2299 376 2367 περ
394 2269 493 2368 (περὶ
509 2266 577 2340 FK
591 2281 625 2341 et
644 2266 765 2368 Simpl.
784 2273 817 2342 in
837 2272 964 2367 lemni.)
982 2281 1059 2347 miv
1076 2303 1099 2346 α
1117 2272 1184 2367 (αα
1196 2269 1256 2364 E),

204 2396 254 2481 ὥς
270 2423 361 2494 φησι
379 2395 443 2471 διὰ
460 2397 503 2470 τὸ
522 2392 717 2496 ἀμφότερα
727 2403 810 2472 ἴσον
816 2394 959 2497 χρόνον
971 2397 1073 2496 παρὰ
1088 2395 1254 2492 ιδι(καιδι

203 2523 246 2598 τὸ
263 2520 362 2596 Alex.
381 2548 433 2619 ap.
452 2518 589 2619 simpl.)
609 2552 632 2596 α
650 2523 716 2615 (αα
733 2522 783 2614 E)
799 2522 1008 2625 γίγνεσθαι.
1045 2521 1139 2604 Quid
1158 2521 1255 2595 Zeno

204 2649 438 2722 demonstrare
455 2648 610 2733 voluerit,
629 2673 731 2746 quum
748 2651 860 2748 primo
877 2660 1020 2746 aspectu
1038 2650 1256 2746 perspicuum

203 2775 254 2862 fit,
271 2787 341 2846 tum
359 2773 566 2848 Aristoteles
585 2777 660 2872 ipse
679 2773 777 2861 dicit,
795 2773 910 2846 salsam
928 2778 1256 2871 argumentationem

204 2900 284 2974 inde
302 2912 410 2973 ortam
429 2926 517 2987 esse,
534 2900 639 3000 quod,
658 2925 761 2999 quum
776 2900 845 2971 duo
862 2925 1019 2998 corpora,
1036 2925 1124 2998 quae
1139 2911 1257 2972 eontra

206 3040 481 3114 semoveantur,
516 3039 551 3098 et
573 3028 708 3099 tertium
736 3052 862 3124 eorpus
887 3029 1070 3126 quiescens
1092 3027 1257 3124 posuerit,

206 3179 320 3226 errore
339 3153 453 3250 lapsus
472 3153 651 3225 arbitratus
668 3155 731 3241 sit,
747 3152 780 3223 id
801 3178 942 3250 eorpus,
961 3152 1055 3251 quod
1073 3163 1271 3236 moveaturf

206 3280 297 3352 idem
321 3292 457 3376 tempus
481 3291 575 3352 motu
598 3304 661 3350 suo
686 3304 924 3352 consummem
948 3281 1020 3352 sive
1044 3290 1163 3350 contre
1182 3279 1257 3375 qui-

206 3432 329 3478 escens
347 3404 430 3476 illud
448 3407 520 3476 sive
539 3417 657 3478 'contre
674 3405 832 3493 aiterum,
856 3405 952 3506 quud
977 3407 1113 3478 obviam
1136 3405 1258 3489 veniat,

206 3543 389 3606 moveatur.
423 3529 549 3604 Paucis
582 3557 721 3631 quoque
751 3534 866 3606 verbis
897 3530 1108 3604 Themistius
1138 3527 1258 3602 eadem

207 3663 338 3732 ratione
356 3659 504 3756 explieat
528 3658 599 3754 (fol.
619 3657 700 3751 56):
724 3660 896 3756 τέταρτος
919 3657 958 3732 δ’
985 3655 1085 3732 ἐστὶν
1107 3652 1213 3756 λόγος
1237 3653 1257 3728 ὃ

207 3787 383 3886 περὶτῶν
400 3790 441 3861 έν
460 3794 512 3882 τῷ
530 3784 671 3885 σταδίῳ
689 3786 925 3885 φερομένων·
945 3791 1040 3881 τρεῖς
1055 3782 1129 3884 γὰρ
1149 3783 1259 3863 ὄντας

209 3911 408 4010 (legendum
427 3911 575 4013 ὄγκους)
601 3919 702 3997 ἴσους
719 3910 814 3986 κατὰ
832 3911 874 3984 τὸ
891 3918 1006 4006 μῆκος
1023 3907 1176 4005 ποιήσας
1192 3908 1260 3984 τὸν

210 4040 277 4133 μέν
299 4045 394 4116 κινεῖ
414 4039 481 4114 τὸν
504 4038 544 4113 δί
568 4039 779 4135 ἵστησιπὸν
812 4035 852 4112 δέ
881 4037 1077 4112 ἀνακινεῖ·
1111 4036 1187 4110 ἐπεὶ
1218 4034 1257 4109 δι’,

211 4169 354 4242 θᾶττον
372 4166 391 4240 ὁ
404 4163 621 4262 κινούμενος
634 4165 739 4240 δίεισι
751 4165 818 4242 ιδν
831 4160 1137 4260 α’νιικινούμινον
1147 4167 1260 4265 ὄγκον

211 4292 232 4386 ἢ
251 4294 317 4370 τὸν
335 4297 493 4387 ἑστῶτα,
513 4298 625 4368 οἴεται
645 4289 811 4390 σόφισμα
834 4293 976 4367 πλέκειν
1000 4295 1193 4368 ἐντεῦθεν·
1218 4290 1259 4363 ιδ
