3054 5174
780 431 829 510 46

730 535 879 546 uon—-

279 663 334 738 ὅτι
352 660 422 760 μὲν
438 661 481 735 τὸ
497 663 527 757 β
543 660 586 734 τό
605 660 678 734 ἀπὸ
696 667 764 733 τοῦ
780 659 896 754 μίσου
908 665 985 733 τῶν
997 687 1021 730 α
1034 656 1246 757 ἀρχόμενον
1264 658 1329 734 διὰ

278 795 355 864 τῶν
379 783 449 862 δύο
475 815 526 860 αα
552 782 708 880 ἐκινήθη
731 783 754 880 ἢ
781 783 845 860 διὰ
869 792 947 858 τῶν
963 784 1127 879 ἡμίσεων
1144 783 1263 860 ὁπόσα
1282 785 1332 860 ἂν

278 909 326 1008 ἦν
343 915 470 1008 ἄρτια,
495 917 536 986 ὲν
561 911 637 1009 ὅσῳ
661 910 704 986 τό
721 937 748 1011 χ
764 909 828 985 διὰ
847 921 924 986 τῶν
941 909 1148 986 διπλασίων
1163 913 1193 1008 β
1210 910 1330 1004 δίεισι,

279 1038 392 1134 δῆλσν
485 1045 563 1121 πῶς
579 1035 619 1112 δὲ
637 1035 739 1135 παρὰ
758 1032 880 1110 πάντα
896 1035 941 1110 τὰ
956 1063 981 1108 α
994 1036 1037 1110 τὸ
1053 1064 1078 1137 χ
1095 1033 1332 1132 διελήλυθεν,·

279 1167 363 1239 οὔτε
380 1163 456 1265 γὰρ
473 1162 575 1260 παρὰ
592 1171 712 1238 ταῦτα
731 1165 882 1237 ἐκινεῖτο
898 1161 990 1236 ἀλλὰ
1008 1161 1110 1259 παρὰ
1127 1161 1173 1236 τὰ
1196 1165 1226 1260 β
1248 1165 1333 1236 οὔτε

279 1292 340 1366 ἀπ’
360 1291 474 1387 ἀρχῆς
490 1297 568 1362 τῶν
583 1317 607 1362 α
625 1291 790 1382 ἐκινεῖτο,
810 1289 885 1362 ἀλλ’
900 1289 960 1364 ἀπ’
977 1289 1180 1385 όρχῆςτιῦν
1195 1291 1235 1386 β,
1254 1287 1333 1384 ἤνις

278 1414 326 1512 ἦν
342 1415 438 1491 κατὰ
455 1415 497 1489 τὸ
515 1415 630 1510 μέσον
647 1423 726 1490 τῶν
743 1434 785 1488 α·
804 1423 882 1498 πῶς
899 1411 970 1490 οὖν
986 1414 1029 1488 τὸ
1046 1443 1072 1513 γ
1088 1414 1190 1511 παρὰ
1209 1411 1331 1489 πάντα

279 1542 326 1618 τὰ
344 1571 368 1619 α
386 1539 592 1636 κεκίνηταις
609 1540 633 1636 ἢ
652 1539 707 1614 ὅτι
726 1540 853 1615 καὶτὰ
871 1543 900 1638 β
916 1545 979 1614 ἰ’σα
993 1536 1042 1636 ἦν
1054 1548 1131 1624 τοῖς
1148 1561 1189 1615 α·
1207 1541 1250 1615 τό
1262 1537 1333 1616 οὖν

278 1697 315 1769 χ,
328 1671 368 1743 ἐν
381 1666 456 1764 ὅσῳ
465 1663 592 1763 χρόνῳ
604 1666 705 1762 παρὰ
719 1666 766 1741 τὰ
777 1666 1015 1763 βαεκίνηναι,
1029 1671 1083 1762 εἴη
1096 1667 1146 1742 δν
1156 1667 1219 1742 καὶ
1231 1665 1332 1764 παρὰ

279 1793 325 1870 τὰ
343 1823 368 1868 α
385 1793 431 1867 τὰ
449 1797 511 1866 ἰ’σα
528 1795 647 1889 τσῖςβ
663 1793 917 1888 κεκινημένον·
935 1793 999 1868 καὶ
1016 1794 1036 1868 ὃ
1054 1793 1332 1894 παραλογισμός

280 1915 450 1996 ἐνταῦθα
468 1921 585 2011 ἐστιν,
612 1917 667 1992 ὅτι
693 1920 827 2015 ἐλαβεν
851 1917 975 2004 ἁπλῶς
992 1924 1033 1996 ἐν
1049 1923 1118 2018 ἴσῳ
1132 1917 1260 2017 χρόνῳ
1277 1947 1333 1994 ιιι-

280 2043 466 2144 νοόμενον
487 2043 529 2118 τὸ
553 2042 655 2141 παρὰ
679 2048 741 2118 ἴσα
759 2041 1000 2142 κινούμενον,
1024 2045 1076 2142 μὴ
1094 2041 1333 2146 προσλογιζό-

280 2201 410 2270 μενος,
430 2170 486 2244 ὅτι
504 2178 581 2245 τῶν
598 2174 692 2245 ἴσων
708 2169 755 2244 τὰ
771 2169 842 2267 μὲν
859 2169 1147 2269 ἅνεικινοόμενα
1164 2169 1212 2268 ἦν
1228 2172 1274 2246 τὰ
1292 2171 1332 2246 δὲ

280 2301 493 2392 ἑστῶτας·
506 2296 583 2393 quis
598 2296 688 2366 enim
702 2295 829 2382 credat,
836 2296 1069 2385 Aristotelem,
1078 2325 1181 2397 qnum
1194 2299 1330 2396 proprie

280 2449 351 2496 rem
374 2421 568 2520 significare
591 2423 759 2519 potuerit,
783 2433 850 2494 tam
869 2427 1035 2496 contraria
1054 2451 1071 2496 a
1089 2451 1171 2498 vero
1190 2422 1331 2507 dixisse;

282 2575 425 2647 corpora
445 2550 533 2620 enim
550 2577 585 2648 y,
608 2549 636 2620 si
656 2573 773 2620 eorum
797 2561 926 2622 motum
944 2553 977 2622 in
997 2553 1202 2650 corporibus
1220 2579 1244 2624 α
1262 2575 1332 2621 me-

280 2676 389 2760 tians,
415 2672 484 2745 duo
503 2685 631 2746 tantum
649 2686 884 2771 praetereunt,
909 2702 977 2748 non
996 2679 1124 2762 omnim
1151 2687 1186 2748 et
1204 2677 1334 2748 etiamsi

281 2801 358 2899 quis
377 2798 493 2871 dicere
510 2802 639 2897 possit,
665 2826 810 2897 corpora
832 2830 857 2903 y
874 2814 1011 2899 praeter
1028 2804 1140 2875 omnia
1158 2831 1182 2875 α
1200 2814 1335 2900 praete-

280 2928 383 2998 ritura
400 2925 522 3012 suisne,
540 2927 567 2997 si
589 2925 726 3023 quidem
746 2951 788 2998 eo
807 2925 902 3015 loco,
920 2925 996 3026 iquo
1016 2927 1061 3002 τὰ
1078 2930 1127 3025 β,
1152 2930 1265 3025 posita
1283 2927 1336 3000 iu-

280 3053 558 3137 issentsminime
577 3064 688 3123 tamen
707 3052 788 3124 inde
807 3051 925 3126 dicere
943 3054 1039 3126 licet:
1070 3055 1112 3128 τὸ
1128 3083 1155 3156 χ
1172 3052 1336 3150 διελήλυ-

280 3182 353 3254 θεν
369 3177 471 3276 παρὰ
485 3175 609 3254 πάντα
625 3178 671 3252 τὰ
690 3207 724 3251 α.
754 3176 851 3252 Maio
864 3183 964 3252 etiam
976 3182 1080 3253 verba
1092 3181 1186 3256 ιόσεε
1198 3181 1338 3276 ἥμισυν

281 3305 374 3380 εἶναι
392 3303 459 3378 τὸν
473 3299 630 3401 χρόνον·
653 3308 736 3379 ἴσον
757 3305 831 3406 γὰρ
857 3302 1031 3404 ἑκάτερόν
1048 3311 1122 3381 ἐστι
1141 3309 1233 3403 παρ’
1253 3308 1338 3382 ἕκα-

282 3455 372 3506 στον
389 3431 643 3526 interpretatur:
662 3431 777 3506 εἰπών
790 3429 831 3506 δὲ
848 3431 903 3507 ὅτι
920 3431 1119 3528 συμβαίνει
1133 3433 1175 3507 τὸ
1193 3461 1219 3533 χ
1235 3433 1336 3531 παρὰ

281 3553 404 3632 πάντα
429 3554 476 3629 τὰ
501 3584 525 3629 α
548 3555 824 3653 διεληλυθέναι,
847 3554 947 3644 ,διότι
966 3558 1067 3655 παρὰ
1093 3555 1217 3634 πάντα
1240 3559 1286 3634 τὰ
1309 3562 1338 3656 β

212 3773 216 3780 ,
281 3683 475 3781 διέρχεται,
493 3681 633 3778 μεταξὺ
650 3682 732 3767 θεὶς
749 3683 796 3758 τὰ
808 3680 969 3779 ἑπόμενα
983 3686 1103 3758 ἄτοπα
1120 3683 1161 3759 τό
1172 3715 1211 3760 τε
1222 3686 1337 3781 ἥμισυ

281 3805 467 3904 διάστημα
485 3817 537 3906 τῳ
555 3807 737 3906 διπλασίῳ
757 3805 980 3905 διαστήματι
1005 3811 1145 3886 εαόεὸν
1162 3811 1255 3886 εἶναι
1273 3811 1337 3884 καὶ

281 3935 349 4011 τὸν
370 3934 510 4030 ἥμισυν
529 3931 670 4030 χρόνον
693 3943 746 4032 τῷ
772 3935 955 4033 διπλασίῳ
976 3933 1122 4034 χρόνῳ,
1154 3933 1337 4037 ἐπήγαγεν

282 4061 337 4135 ὅτι
357 4059 436 4157 ἅμα
454 4059 653 4156 συμβαίνει
672 4089 702 4135 κ.
719 4089 750 4134 τ.
769 4069 798 4133 λ.
822 4062 953 4157 putavit
976 4063 1081 4146 enim,
1105 4063 1191 4133 haec
1217 4063 1336 4148 verba,

283 4211 369 4287 quae
396 4185 651 4257 conclusionem
678 4190 890 4274 contineant,
914 4189 979 4259 iam
1006 4187 1335 4260 nunchristoteiem

282 4315 465 4410 anticipata
490 4315 690 4400 inseruisse,
723 4341 790 4386 non
823 4339 904 4386 vero
929 4313 1014 4388 vidit
1039 4312 1210 4386 cardinem
1236 4341 1335 4411 argu·
