3054 5174
765 407 816 486 28

723 511 865 522 q·—

263 637 349 710 alter
372 635 464 708 dieat
480 635 558 729 (soi.
587 631 696 728 180):
722 635 827 732 τρίτη
857 633 897 710 δὲ
922 633 1089 730 διαφορὰ
1113 637 1324 731 μεταβολῆς

265 767 376 858 ἐστιν,
395 762 489 838 ὅταν
503 757 596 858 μήτε
613 761 709 836 κατὰ
727 759 967 858 συμβεβηκὸς
983 767 1130 854 κινῆται
1142 760 1184 834 τὸ
1198 758 1325 836 κινού-

264 918 379 988 μονον
395 885 486 986 μήτε
502 885 599 962 κατὰ
615 887 737 984 μέρος,
756 887 848 962 ἀλλὰ
866 885 1154 986 προηγουμένως
1165 886 1229 960 καὶ
1241 887 1326 982 οὐχὶ

265 1023 319 1114 τῷ
336 1016 424 1088 ἄλλο
441 1015 648 1106 κινεῖσθαι,
674 1012 764 1110 ὅπερ
781 1021 931 1111 πρῶτον
948 1019 1001 1110 τῷ
1018 1011 1114 1086 κατὰ
1133 1015 1327 1112 συμβεβη-

266 1139 330 1226 κὸς
347 1138 566 1234 ἀντίκειται,
592 1137 656 1213 καὶ
678 1141 767 1214 καθ’
787 1138 882 1214 αὑτὸ
900 1137 999 1231 ὅλον,
1026 1135 1115 1232 ὅπερ
1140 1147 1209 1212 τοῦ
1231 1139 1327 1214 κατὰ

266 1266 377 1363 μέρος
393 1262 631 1362 κεχώρισται·
649 1264 714 1339 καὶ
730 1262 843 1340 τοῦτό
861 1269 936 1339 ἐστι
954 1264 997 1338 τὸ
1014 1263 1104 1338 καθ’
1117 1261 1212 1338 αὐτὸ
1225 1293 1325 1360 κινη-

268 1391 336 1466 τὸν
367 1391 448 1485 ἤτοι
477 1391 725 1488 μεταβλητὸν,
750 1390 819 1466 ἐπὶ
852 1391 1108 1487 μεταβολῆς
1140 1388 1228 1489 γὰρ
1263 1393 1327 1466 ἔτι
1369 1399 1371 1402 ’

269 1521 467 1594 ποιεῖται
496 1514 741 1619 τὸνλόγον
771 1515 862 1592 κᾶν
892 1515 945 1590 τὰ
977 1513 1328 1615 παραδείγματα

270 1639 495 1738 κινήσεων
517 1638 559 1738 ᾗ,
576 1683 627 1694 -
645 1642 730 1716 alter
747 1655 859 1716 autem
877 1641 949 1736 (λοΙ.
967 1637 1049 1732 49);
1065 1642 1155 1715 καθ’
1174 1642 1272 1716 αὑτὰ
1290 1641 1330 1718 δὲ

271 1772 392 1844 ἐκεῖνα
408 1764 509 1864 μόνα
526 1775 693 1862 κινεῖται,
711 1769 736 1842 ἃ
754 1765 846 1864 μήτε
873 1767 968 1844 κατὰ
987 1766 1223 1864 συμβεβηκὸς
1238 1765 1332 1864 μήτε

272 1893 369 1970 κατὰ
385 1889 520 1990 μόριον
535 1890 770 1991 μεταβάλλει,
790 1893 840 1978 ὥς
859 1893 878 1968 ὃ
896 1897 1006 1978 ἵππος
1015 1894 1132 1990 τρέχει
1147 1892 1211 1966 καὶ
1221 1893 1333 1969 ἅπτε-

273 2049 334 2096 ται
351 2019 393 2094 τὸ
412 2015 563 2116 ἱμάτιον
579 2018 643 2094 καὶ
659 2017 904 2116 θερμαίνεται
932 2019 1019 2094 ὅλον
1041 2018 1084 2092 τὸ
1101 2015 1213 2103 ξύλον
1230 2021 1294 2094 καὶ
1312 2022 1332 2096 ὃ

274 2142 476 2244 ὀφθαλμὸς
492 2141 702 2244 ὑγιάζεται,
731 2145 777 2218 οὐ
800 2144 875 2243 γὰρ
900 2141 1025 2220 πάντα
1042 2152 1169 2220 πᾶσαν
1185 2144 1332 2240 κίνησιν

275 2272 364 2348 καθ’
384 2267 482 2346 αὐτοὶ
499 2269 643 2366 κινητὰ,
663 2269 754 2346 ἀλλὰ
772 2269 901 2367 τὰμὲν
914 2267 1132 2368 μεταβαίνει
1146 2267 1265 2366 μόνον
1281 2269 1332 2354 ὥς

275 2397 322 2472 τὰ
341 2394 519 2496 οὐράνια,
546 2395 593 2470 τοὶ
611 2394 645 2469 δ’
664 2396 874 2470 ἀλλοιοῦται
892 2393 1013 2493 μόνον
1037 2395 1088 2479 ὥς
1111 2391 1257 2493 θώραξ·
1283 2395 1333 2480 ὡς

278 2519 479 2622 ὀφθαλμός
497 2523 565 2618 (sic
583 2522 673 2594 enim
692 2512 785 2619 typis
804 2546 1003 2619 expressum
1023 2533 1092 2607 est3
1119 2535 1262 2618 apparet
1278 2547 1336 2594 au·

278 2660 359 2735 tem,
376 2659 455 2720 ante
474 2645 524 2730 ὥς
542 2643 743 2744 ὀφθαλμός
761 2646 931 2720 excidisse
949 2647 1053 2720 verba
1069 2646 1116 2721 τὰ
1134 2646 1168 2721 (5⁹
1189 2644 1338 2747 ὑγιάζε-

278 2802 339 2848 ται
356 2771 503 2869 μόνον).

547 2966 617 3051 Lib.
634 2969 670 3068 V,
694 2990 723 3051 ο.
740 2971 776 3070 1,
798 2991 877 3078 pag.
895 2973 985 3076 224,
1009 2972 1066 3054 34.

355 3145 565 3222 Aristoteles
583 3175 641 3222 eas
659 3174 724 3237 res,
743 3178 831 3250 quae
849 3156 883 3225 in
898 3155 1021 3252 quovis
1034 3163 1128 3224 motu
1147 3153 1338 3224 examinan-

283 3273 348 3349 dae
366 3277 443 3362 sint,
462 3287 652 3348 enumerat:
671 3278 746 3352 ἔστι
762 3280 833 3373 μέν
849 3310 884 3354 τι
901 3279 944 3353 τὸ
963 3287 1095 3354 κινοῦν
1112 3285 1272 3376 πρῶτον,
1288 3281 1338 3350 ἔτι

284 3400 328 3474 (ii
341 3429 377 3474 τι
394 3400 437 3474 τὸ
454 3399 689 3498 κινούμενον,
717 3404 767 3474 ἔτι
794 3406 835 3477 ἐν
851 3397 899 3501 ᾦ,
926 3404 946 3478 ὁ
968 3400 1124 3501 χρόνος,
1152 3403 1216 3477 καὶ
1239 3402 1340 3500 παρὰ

284 3535 416 3621 ταῦτα,
436 3530 472 3611 ἐξ
490 3521 536 3602 οὗ
553 3526 618 3601 καὶ
635 3532 686 3611 εἰς
703 3526 724 3602 ii
734 3547 741 3560 ·
760 3537 862 3624 πᾶσα
878 3529 952 3630 γὰρ
969 3528 1112 3624 κίνησις
1128 3531 1168 3602 ἔκ
1176 3559 1277 3612 τινος
1293 3532 1342 3611 εἴς

285 3682 331 3726 τι.
369 3649 506 3732 Quibus
522 3679 588 3724 una
606 3653 754 3725 alterave
772 3654 847 3726 aliis
863 3655 950 3726 locis
968 3655 1022 3726 vel
1041 3653 1187 3726 demitur
1204 3650 1259 3726 vel
1274 3651 1343 3724 'ad-

287 3776 393 3862 ditur,
422 3789 460 3849 ut
491 3789 611 3850 auctor
641 3780 708 3851 sibi
738 3780 804 3874 ipsi
836 3803 1028 3876 repugnare
1051 3779 1221 3865 viduatum
1250 3777 1345 3877 quod

288 3901 463 4000 quomodo
483 3929 521 3976 se
539 3903 680 3990 habeat,
703 3904 862 3976 omnibus
879 3901 946 3978 illis
964 3907 1050 3978 locis
1069 3906 1202 3980 collatis
1220 3906 1345 3976 exami-

288 4053 417 4102 nemus.
453 4027 605 4102 Primum
624 4029 974 4118 animadvertendum,
993 4032 1046 4118 id,
1064 4034 1098 4103 in
1117 4028 1279 4128 quod-
1296 4035 1347 4114 εἰς

290 4156 377 4228 ὃ-
394 4165 508 4226 motus
525 4154 595 4242 fiat,
613 4156 728 4228 verbis
746 4158 857 4230 statim
876 4158 1101 4256 sequentibus
1119 4156 1180 4246 (b,
1200 4153 1268 4246 11)
1288 4181 1347 4226 ex·
1405 4183 1407 4188 ·

290 4275 427 4378 plicari,
454 4306 557 4378 quum
585 4280 664 4376 εἴδη
689 4294 724 4354 et
747 4279 853 4377 πάθη
880 4296 913 4356 et
940 4279 1048 4364 τόποι·
1066 4292 1209 4356 vocetur
1228 4281 1288 4373 (τὰ
1308 4280 1344 4360 δ’
