3054 5174
741 437 859 557 31⁶*

544 737 611 820 ιιι.
630 739 715 837 vu,
733 709 819 836 ιὀ,
842 756 920 844 pag.
938 739 1023 838 τοι,
1042 741 1096 821 21.

368 917 576 992 Aristoteles
595 919 639 992 de
656 923 793 1017 propria
811 933 924 992 motus
943 945 1061 1005 causo,
1079 921 1156 1017 quia
1176 921 1287 990 omnia
1305 919 1347 992 ab

291 1047 400 1144 aliquo
419 1070 456 1116 re
476 1057 684 1130 moveantur,
703 1043 934 1142 disputaturus
952 1045 1020 1116 boc
1034 1047 1145 1142 capite
1160 1043 1350 1144 distinguit,

291 1169 467 1270 quomodo
486 1172 520 1240 in
539 1173 644 1242 rebus
662 1183 774 1242 motus
792 1196 918 1266 genera
938 1183 972 1242 et
992 1151 1144 1242 coo'ditio
1170 1170 1348 1242 distributa

293 1323 370 1368 esse
389 1297 538 1393 possint,
563 1309 597 1368 et
617 1296 738 1382 docet,
761 1311 822 1367 om
838 1294 984 1368 ommibus
1000 1293 1097 1368 rebus
1115 1297 1253 1368 eamdem
1271 1323 1348 1366 oom-

292 1427 447 1496 diiiommn
471 1449 538 1493 esse
545 1449 645 1521 posse
666 1433 734 1494 siue
750 1449 859 1492 mmees
874 1449 928 1493 res
943 1437 1136 1494 moveantur
1157 1432 1224 1493 sim
1241 1449 1350 1492 omnes

292 1561 468 1648 quiescam,
486 1549 721 1619 auidimrsum
733 1549 949 1620 omditionms
960 1576 1027 1620 esse
1034 1575 1138 1646 posse,
1149 1558 1199 1620 ite
1210 1548 1348 1620 stallae

291 1673 1348 1774 resmoueonmraliaequiesconi5mmcautemtm'pliemnilerum

291 1815 412 1872 stolum
429 1799 698 1894 distinguendum
715 1827 789 1883 esse,
806 1809 886 1898 quia
903 1816 964 1871 aut
979 1827 1087 1872 munes
1103 1827 1157 1870 res
1173 1809 1223 1872 ite
1233 1810 1268 1870 m
1278 1827 1346 1869 mo-

293 1921 371 1996 biles
396 1940 431 1994 et
449 1923 628 1996 immobiles
652 1927 756 1997 dividi
769 1935 914 2024 possint,
938 1941 978 1998 ut
998 1936 1157 1998 transibis
1180 1921 1348 1998 abelmea

293 2051 476 2120 conditione
499 2059 536 2120 im
559 2050 701 2122 alteram
723 2079 788 2121 mom
810 2061 868 2137 sit,
899 2067 962 2124 ami
986 2061 1036 2123 ito
1060 2066 1099 2122 ut
1119 2047 1266 2122 monibus
1295 2049 1350 2120 ille

292 2185 451 2246 transibis
467 2185 524 2262 sii,
541 2191 604 2248 aul
618 2179 823 2275 denique-ita
839 2193 877 2250 ul
891 2206 956 2250 mom
975 2178 1078 2250 solum
1094 2205 1147 2248 res
1163 2187 1242 2260 sini,
1265 2203 1350 2274 qmae

293 2297 337 2372 ab
365 2301 474 2372 altem
504 2304 688 2373 conditione
716 2305 769 2374 ad
792 2304 933 2390 alteram
960 2313 1105 2374 transire
1122 2311 1264 2402 possint,
1291 2301 1354 2371 sed

293 2436 394 2497 eiiam
410 2455 471 2510 res,
489 2455 574 2525 quoe
590 2439 796 2526 nonpossint
812 2445 843 2501 ei
859 2429 949 2506 aliae
964 2455 1092 2527 semper
1108 2425 1240 2500 mobiles
1259 2427 1349 2498 oliae

291 2579 419 2651 semper
435 2549 613 2625 immobiles
628 2563 698 2626 sint
711 2555 761 2651 (p.
770 2550 911 2638 253‚2i
930 2550 1073 2657 ἀνάγκη
1087 2554 1121 2628 b’
1134 2556 1214 2650 ἠτοι
1227 2551 1349 2629 πάντα

291 2680 442 2774 ἠρεμεῖν
459 2679 516 2752 ἀεὶ
532 2678 556 2773 ἠ
575 2676 682 2756 πάντ’
698 2680 755 2754 olel
767 2683 954 2755 κινεῖσθαι
974 2680 994 2775 ἠ
1012 2680 1059 2754 τὰ
1070 2679 1141 2776 μέν
1162 2683 1349 2756 κινεῖσθαι

291 2804 337 2878 τὰ
356 2803 392 2877 δ’
410 2805 582 2918 ἠρεμεῖν·Ι
608 2805 672 2880 καὶ
689 2803 801 2880 πάλιν
817 2802 963 2882 τούτων
978 2807 1058 2900 ἠτοι
1076 2806 1122 2880 τὰ
1139 2805 1209 2903 μέν
1225 2803 1351 2880 κινού-

290 2959 385 3026 μενα
420 2934 606 3006 κινεῖσθαι
642 2932 699 3006 άεὶ
735 2931 780 3006 τὰ
811 2930 849 3006 (l'
879 2932 1091 3028 ἠρεμοῦντα
1120 2933 1288 3030 ἠρεμεῖν,
1325 2930 1348 3025 ἠ

293 3055 417 3132 πάντα
438 3059 640 3156 πεφυκέναι
660 3055 797 3153 ὁμοίως
814 3061 1000 3132 κινεῖσθαι
1019 3057 1082 3131 καὶ
1099 3057 1288 3155 ἠρεμεῖνή
1308 3057 1351 3130 τὸ

292 3183 421 3258 λοιπὸν
440 3185 490 3256 έτι
507 3183 570 3256 καὶ
587 3182 726 3281 τρίτον,
753 3182 936 3278 ἐνδέχεται
956 3183 1029 3284 γὰρ
1047 3182 1093 3258 τά
1111 3183 1181 3280 μὲν
1199 3184 1256 3257 isi
1268 3191 1351 3257 τῶν

292 3309 415 3384 ὄντων
432 3308 587 3405 ἀκίνητα
607 3309 764 3384 εἶναιτὰ
783 3308 817 3383 δ’
831 3308 887 3382 olel
898 3307 1100 3404 κινούμενα
1114 3309 1159 3384 τά
1173 3310 1209 3383 δ’
1225 3312 1352 3408 ἄμφο-

291 3435 410 3532 τέριον
425 3431 754 3534 μεταλαμβάνειν).
792 3429 867 3506 Sub
886 3433 985 3506 finem
1005 3445 1117 3505 autem
1137 3435 1274 3531 capitis,
1291 3434 1351 3506 ubi

292 3571 412 3632 auctor
429 3562 495 3632 sibi
514 3565 635 3632 iterum
654 3560 696 3631 ab
715 3559 780 3632 hac
804 3557 972 3632 divisione
999 3557 1247 3656 egrediendum
1274 3581 1350 3630 esse

293 3684 392 3772 dicit,
407 3687 452 3756 ‘in
479 3684 660 3796 codicibus
682 3711 786 3757 unum
813 3686 1001 3756 membrum
1021 3683 1165 3771 excidit3
1192 3685 1240 3757 ibi
1261 3686 1347 3756 enim

293 3821 347 3882 est
366 3815 412 3907 (p.
426 3807 512 3898 254,
532 3809 578 3886 16
596 3811 663 3909 sq.)
681 3811 801 3910 ἀρχὴν
818 3808 858 3884 δὲ
876 3807 987 3886 πάλιν
999 3811 1170 3905 ποιητέον
1183 3809 1255 3884 άπὸ
1273 3815 1347 3882 τῶν

291 3942 364 4009 νῦν
381 3934 653 4033 διορισθέντων
676 3937 745 4032 τήν
767 3935 888 4031 αὐτὴν
910 3935 1025 4032 ἠνπερ
1043 3934 1240 4034 ἠρξάμεθα
1258 3929 1349 4030 πρό-

290 4079 414 4158 τερον·
446 4060 469 4156 ἠ
494 4059 567 4163 γάρ
592 4091 647 4136 τοι
666 4059 788 4138 πάντα
815 4060 990 4159 ἠρεμεῖή
1015 4059 1138 4139 πάντα
1155 4059 1349 4154 κινεῖταιή
1391 4060 1394 4066 ’

290 4185 336 4260 τά
360 4184 431 4282 μὲν
453 4188 582 4284 ἠρεμεῖ
601 4185 706 4262 ebbe*
723 4194 877 4262 κινεῖται
895 4193 972 4262 τῶν
990 4187 1129 4262 ὄντων·
1157 4186 1221 4259 καὶ
1245 4192 1276 4260 εἰ
1301 4185 1346 4260 τά

288 4310 358 4405 μέν
382 4311 512 4408 ἠρεμεῖ
531 4312 576 4386 τά
602 4311 642 4387 δὲ
668 4321 838 4405 κινεῖται,
865 4309 1011 4412 ἀνάγκη
1035 4315 1114 4406 ἠτοι
1138 4307 1262 4388 πάντα
1288 4309 1347 4384 ὁτὲ
