3054 5174
261 656 355 750 μένα
380 651 491 729 πάλιν
508 655 624 756 λέγειν
704 654 769 728 καὶ
793 653 907 730 οὐδέν
931 655 1004 738 τοῖς
1023 655 1092 750 ἤδη
1117 657 1318 752 εἰρημένοις

263 781 345 880 περὶ
379 777 515 854 τούτου
549 779 799 877 προστίθησιν
904 782 997 852 ἀλλ’
1035 781 1221 858 ἐκείνων
1254 781 1319 866 τίς

265 911 356 982 ἐστι
390 905 682 1004 περίφρασις·
720 905 780 980 διὸ
805 905 868 980 καὶ
892 909 932 980 ἔν
955 933 1053 982 νισιν
1076 905 1320 1007 ἀντιγράφοις

263 1035 308 1106 οῦ
321 1034 481 1130 φέρεται,
502 1032 552 1115 ὡς
564 1033 637 1106 ἀπὸ
650 1041 900 1133 παραγραφῆς
913 1037 1177 1128 εὶσενεχθεῖσα·
1196 1041 1319 1107 τοιοῦ-

264 1189 325 1242 τος
341 1158 405 1234 καὶ
423 1158 443 1232 ὃ
462 1155 659 1258 τοῦλόγου
673 1157 867 1256 χαρακτὴρ
878 1218 887 1252 ,
914 1161 988 1232 ἀλλ’
1008 1161 1130 1233 ἕπεται
1148 1168 1192 1255 τῇ
1211 1159 1317 1244 δείξει

263 1284 462 1381 (legendum
475 1283 578 1374 λέξει)
595 1291 640 1379 τῇ
660 1280 831 1383 λεγούση·
852 1287 953 1378 ,ἔστι
972 1284 1012 1360 δὲ
1030 1285 1072 1359 τὸ
1089 1285 1160 1382 μὲν
1177 1285 1320 1361 πυκνὸν

262 1411 366 1508 βαρύ
390 1410 431 1485 τὸ
456 1407 495 1484 δι’
522 1408 648 1506 μανὸν
675 1409 847 1508 κοῦφον“
871 1410 894 1505 ἡ
920 1413 1091 1512 λέγουσα·
1124 1409 1221 1506 ,δύο
1246 1408 1319 1510 γάρ

264 1543 363 1612 ἐστιν
386 1539 450 1635 ἀφ’
476 1537 651 1631 ἑκατέρου
674 1543 742 1610 τοῦ
767 1566 806 1610 ro
829 1546 974 1612 πυκνοῦ
997 1537 1061 1610 καὶ
1078 1545 1145 1611 τοῦ
1162 1536 1319 1632 μανοῦ“

264 1663 392 1738 καὶτὰ
410 1665 497 1756 ἑξῆς.
525 1659 743 1757 Philoponus
761 1673 873 1734 autern
887 1664 1039 1760 quamvis
1057 1662 1125 1734 boc
1141 1662 1320 1746 concedat,

264 1805 376 1860 tamen
400 1803 559 1885 tanquam
583 1784 772 1886 ἀνάληψιν
797 1813 835 1860 ea
861 1786 1048 1859 defendere
1073 1788 1161 1860 velie
1184 1788 1321 1860 videtur

264 1914 399 1988 dicens:
428 1912 474 1988 εά
499 1913 597 1987 αὐτοὶ
622 1909 734 1988 πάλιν
757 1917 797 1987 ἐν
821 1911 965 1996 εούεοις
990 1915 1097 2014 λέγει·
1129 1914 1222 1990 ὅθεν
1247 1914 1321 1988 ἀπὸ

264 2037 401 2136 εαύεης
417 2048 481 2134 τῆς
498 2035 651 2136 ῥήσεως,
669 2033 712 2133 ἧς
729 2041 991 2136 παρεθέμεθα,
1011 2042 1078 2124 ἕως
1094 2049 1161 2114 τοῦ
1180 2065 1323 2134 ,συνα-

263 2174 368 2268 γωγῇ
385 2165 448 2240 καὶ
465 2165 643 2261 διαστολῇ
668 2173 732 2260 τῆς
756 2167 872 2260 αῦεῆς
895 2165 1014 2260 ὕλης“
1042 2164 1269 2243 νοθεύουσιν
1286 2168 1321 2238 oi

264 2291 448 2394 ἐξηγηιαί·
482 2296 571 2374 ἴσως
604 2289 644 2364 δὲ
683 2287 911 2388 ε’πανάληφίς
948 2297 1056 2366 ἐστιν.
1107 2289 1320 2364 Themistius

265 2419 336 2515 (tol.
350 2416 414 2514 llll)
432 2443 536 2515 quum
555 2419 588 2486 in
608 2415 788 2488 codicibus
807 2417 937 2512 legisse
955 2417 1091 2490 videtur
1108 2431 1178 2490 turn
1198 2445 1237 2489 ea
1256 2421 1319 2488 cir-

265 2545 479 2629 cumscribit,
504 2544 618 2640 priora
643 2541 686 2614 ad
702 2540 875 2638 μείνωσιν
890 2556 929 2616 et
946 2541 1138 2620 πύκνωσιν
1155 2542 1322 2626 referens,

264 2672 351 2742 haec
385 2695 468 2740 voro
502 2671 693 2766 posteriora
728 2668 772 2740 ad
805 2669 952 2764 πίλησιν
987 2682 1022 2742 ct
1057 2669 1238 2763 συστολὴν
1269 2668 1323 2738 his

266 2790 395 2868 verbis:
423 2794 488 2869 καὶ
512 2791 700 2870 ἀνάπαλιν
723 2793 781 2867 ἐπὶ
805 2803 868 2889 τῆς
894 2794 1071 2890 πιλήσεως
1095 2795 1158 2869 καὶ
1190 2820 1322 2869 συσεο-

265 2931 344 3018 λῆς,
369 2918 542 3018 καθάπερ
566 2920 625 2996 ἐπὶ
650 2928 712 3015 οῦς
735 2921 966 3020 περιφερείας
989 2921 1140 3019 ἐδείχθη
1165 2929 1232 2996 τοῦ
1257 2917 1323 2994 κύ*

265 3057 354 3123 κλου
371 3077 402 3121 κ.
420 3079 452 3120 ε.
472 3055 500 3120 λ.

340 3171 418 3245 Lib.
436 3169 496 3257 IV,
516 3197 543 3243 c.
565 3170 629 3257 11,
648 3197 723 3268 pag.
742 3171 832 3259 219,
852 3175 892 3259 b,
909 3171 942 3248 8.
979 3172 1163 3270 Temporis
1175 3176 1322 3244 notione

268 3299 404 3372 definita
417 3297 623 3371 Aristoteles
636 3301 765 3395 pergit:
785 3299 859 3373 ἐπεὶ
877 3299 915 3373 δ’
936 3301 1101 3396 ἀριθμὸς
1118 3304 1191 3373 ἔστι
1210 3299 1323 3394 διχῶς

267 3425 429 3527 (καὶγὰρ
440 3423 483 3498 τὸ
496 3422 782 3521 ἀριθμούμενον
793 3424 856 3498 καὶ
870 3425 911 3498 εδ
924 3427 1138 3522 ἀριθμητὸν
1156 3427 1324 3524 ἀριθμὸν

267 3552 421 3651 λέγομεν
437 3551 500 3624 καὶ
518 3545 548 3648 ᾧ
567 3552 836 3648 ἀριθμοῦμεν),
858 3551 878 3626 ὃ
897 3551 936 3626 δὲ
955 3558 1015 3646 (cu
1034 3552 1134 3624 codd.
1149 3549 1220 3624 FG
1238 3552 1257 3626 ὁ
1277 3539 1327 3646 δη

267 3675 518 3774 recipiendum)
538 3674 674 3771 χρόνος
696 3677 772 3751 ἐστὶ
796 3677 838 3751 τὸ
863 3675 1149 3777 ἀριθμούμενον
1173 3678 1236 3751 καὶ
1254 3680 1323 3771 ούχ

268 3797 299 3900 ᾧ
317 3804 569 3899 ἀριθμοῦμεν,
589 3845 638 3856 -
656 3806 767 3873 statim
793 3815 906 3876 autem
931 3808 1051 3876 iterum
1077 3806 1231 3900 sequitur
1249 3807 1320 3876 ἔσει

268 3929 307 4004 δ’
325 3930 450 4026 ἕτερον
468 3923 497 4026 ᾧ
516 3931 756 4026 ἀριθμοῦμεν
773 3931 836 4019 καὶ
853 3930 896 4003 εδ
913 3925 1210 4026 ἀριθμούμενον,
1231 3927 1323 4026 quod

270 4081 313 4126 ex
338 4055 622 4126 antecedentibus
646 4055 738 4126 male·
759 4057 940 4152 repetitum
966 4079 1100 4126 omnem
1126 4077 1248 4126 nexum
1274 4057 1323 4126 in-

269 4173 463 4277 terrumpit,
488 4184 617 4278 optirne
642 4184 731 4252 eninr
756 4207 833 4252 curn
857 4181 1141 4253 antecedentibus
1160 4181 1245 4252 baec
1265 4209 1325 4252 co-

268 4308 423 4380 haerent:
450 4308 513 4382 καί
531 4308 652 4404 ὥσπερ
675 4308 694 4402 ri
713 4307 853 4402 κίνησις
872 4307 928 4382 ἀεὶ
946 4311 1034 4399 ἄλλη
1052 4305 1114 4380 καί
1133 4308 1241 4401 ἄλλη,
1261 4308 1323 4381 καὶ
