3054 5174
780 427 829 503 50

276 657 319 728 ab
338 655 444 727 altero
461 652 504 726 ad
530 649 671 724 alterurn
694 652 795 724 linern
813 655 899 726 viam
924 651 1047 728 endem
1073 668 1242 754 tempure,
1262 685 1331 758 quo

277 805 419 879 corpora
443 809 467 854 u
491 775 667 850 dimidium
686 779 761 850 viae
779 777 946 875 perlicere
971 779 1133 866 debeant,
1157 787 1203 855 ab
1223 789 1330 882 ipsam

274 907 362 978 hanc
390 931 524 978 causarn
549 903 694 984 stadium
727 906 838 1000 ipsunt
865 905 1000 976 obviarn
1032 931 1169 980 currere
1195 911 1331 996 debeat,

274 1042 430 1129 apparet,
447 1030 516 1102 hoc
532 1041 626 1100 motu
646 1032 710 1100 iarn
730 1027 828 1113 effici,
847 1041 884 1100 ut
903 1028 1078 1102 dimidium
1096 1032 1195 1105 stadii
1215 1063 1233 1106 a
1252 1061 1329 1106 cur·

272 1159 414 1255 poribus
432 1185 456 1228 α
476 1155 627 1253 quamvis
646 1155 906 1252 quiescentibus
925 1167 1120 1230 transeatur.
1152 1156 1233 1238 Quo
1252 1186 1330 1233 cor·
1364 1232 1372 1242 ,

271 1309 354 1380 pora
378 1292 593 1364 moveantur,
617 1279 675 1350 teli
694 1281 794 1373 signo
816 1283 1014 1353 notavimus.
1047 1279 1115 1354 laur
1133 1284 1330 1372 videndum,

271 1407 447 1508 quomodo
461 1407 564 1478 verba
578 1401 788 1490 Aristotelis,
808 1429 896 1502 quae
910 1420 1108 1506 sequuntur,
1122 1425 1326 1506 congruant:

271 1537 435 1608 ἔστωσαν
453 1535 487 1607 οἱ
506 1535 657 1614 ἑστῶτες
674 1535 745 1604 ἴσοι
765 1531 881 1631 ὄγκοι,
901 1535 957 1631 ἐφ’
977 1527 1032 1609 ὥν
1048 1534 1094 1607 τά
1114 1563 1164 1608 αα
1183 1539 1326 1633 (quotu

271 1661 476 1745 scribantur,
500 1656 548 1727 nil
567 1657 725 1740 interest,
747 1658 776 1727 si
802 1656 906 1728 ruodo
924 1683 985 1756 par
1003 1685 1162 1732 numerus
1181 1665 1266 1755 est),
1292 1667 1327 1736 ui

270 1785 306 1860 δ’
331 1787 387 1883 ἐφ’
413 1779 468 1858 ὥν
490 1782 536 1854 τά
558 1783 616 1878 llll
639 1779 838 1879 ἀρχόμενοι
865 1783 939 1857 άπὸ
961 1793 1031 1858 τοῦ
1052 1787 1168 1881 μέσου
1193 1797 1271 1863 τῶν
1287 1818 1324 1880 οι,

269 1915 340 1983 ἴσοι
365 1909 432 1984 τὸν
454 1906 623 2005 ἀριθμὸν
646 1905 791 1992 τούτοις
817 1911 920 1992 ὄντες
942 1908 1005 1984 καὶ
1023 1910 1065 1984 τὸ
1082 1913 1257 2015 μέγεθος,
1277 1955 1323 1968 -

270 2038 399 2134 optime
416 2034 502 2106 haec
522 2032 677 2132 quidem,
693 2073 744 2086 -
772 2036 805 2108 oi
830 2034 865 2108 ά
890 2036 946 2132 ἐφ’
966 2029 1021 2112 ὦν
1037 2036 1083 2110 τά
1100 2066 1150 2138 yy
1167 2039 1325 2114 ἀπὸτοῦ

268 2159 443 2257 ἐσχάτου,
462 2165 533 2234 ἴσοι
554 2158 723 2256 άριθιιὸν
742 2161 844 2243 ὄντες
860 2157 1005 2245 τούτοις
1022 2162 1085 2236 καὶ
1102 2164 1145 2238 τὸ
1164 2167 1324 2266 μέγεθος

268 2289 332 2362 καὶ
344 2293 526 2380 ἰσοταχεῖς
536 2292 612 2367 τοῖς
626 2287 656 2380 β
673 2286 693 2354 i.
714 2309 742 2354 e.
761 2287 1166 2386 corporaylnmpmntub
1179 2305 1321 2360 carrena

268 2439 312 2484 sc.
329 2415 453 2494 studio,
478 2407 522 2481 ab
539 2425 684 2482 ττοιιιιο
700 2411 730 2504 β
746 2419 864 2503 igitur,
890 2423 925 2482 et
950 2437 1068 2484 revera
1093 2414 1171 2487 cod.
1187 2411 1218 2487 F
1241 2427 1322 2512 pust

268 2537 425 2635 ἐσχάτου
448 2535 544 2610 addit
569 2515 645 2612 τάν
668 2537 714 2632 β,
740 2535 835 2633 quod
858 2539 922 2608 iarn
940 2535 1171 2612 Alexandrum
1195 2543 1227 2614 in
1248 2543 1322 2639 qui-

268 2665 411 2737 busdam
438 2661 618 2736 codicibus
642 2664 815 2734 invenisse
835 2659 1035 2761 Simplicius
1059 2669 1158 2738 testis
1183 2679 1236 2738 est
1260 2669 1323 2762 (οὐ
1424 2713 1429 2727 ·

267 2792 315 2888 δὴ
339 2791 390 2875 ὥς
407 2791 481 2865 άπὸ
499 2797 566 2863 τοῦ
584 2786 741 2883 ἐσχάτου
762 2790 809 2884 β,
836 2788 924 2886 ὅπερ
950 2790 1000 2874 uis·
1023 2794 1140 2868 ἔοικεν
1162 2797 1202 2870 ἔν
1225 2819 1324 2870 τισιν

267 2914 511 3018 ἀντιγράφοις
528 2913 652 3012 εὑρὼν
669 2913 689 2987 ὁ
704 2914 940 3012 Ἀλέξανδρος
955 2916 1181 3020 ἠναγκάσθη
1206 2922 1323 3023 λέγειν

265 3073 297 3117 κ.
316 3073 348 3117 τ.
368 3042 436 3131 λ.);
456 3037 555 3112 lacile
570 3052 683 3111 autem
701 3039 920 3136 intelligitur,
938 3067 999 3114 cur
1016 3047 1081 3116 iarn
1098 3047 1216 3142 primis
1234 3060 1319 3118 tern-

264 3171 408 3268 poribus
426 3169 587 3238 omissum
606 3168 659 3252 sit,
679 3168 756 3262 quia
772 3168 906 3239 scilicet
918 3171 1093 3266 putabant,
1111 3172 1154 3244 ab
1168 3185 1319 3244 extremo

265 3307 288 3370 οι
307 3309 465 3392 tanquam
484 3291 584 3365 stadii
596 3291 668 3362 *fine
687 3317 869 3388 corporum
886 3322 912 3391 y
929 3296 1059 3366 initium
1087 3321 1181 3384 essc;
1205 3301 1319 3394 pergit

262 3419 368 3495 Arist.
387 3418 587 3518 συμβαίνει
606 3417 653 3513 δὴ
672 3418 714 3492 τὸ
732 3427 881 3516 πρῶτον
898 3422 927 3516 β
945 3420 1024 3518 ἅμα
1043 3423 1100 3496 ἐπὶ
1112 3432 1165 3522 τῷ
1175 3425 1318 3522 ἐσχάτῳ

135 3551 143 3564 ’
264 3548 357 3621 εἶναι
376 3546 439 3621 καὶ
455 3545 497 3619 τὸ
515 3553 706 3644 πρῶτονχ
727 3547 813 3643 παρ’
833 3547 968 3641 ἄλληλα
991 3551 1222 3643 κινουμένων
1245 3555 1264 3622 i.
1290 3575 1318 3622 e.

265 3676 376 3746 eodem
392 3688 550 3772 tempore,
574 3698 635 3770 qno
660 3659 802 3770 corpora
817 3675 847 3768 β
863 3688 951 3744 motu
966 3701 1024 3744 ruo
1041 3701 1140 3774 usqm
1157 3679 1319 3774 adfinem

263 3825 436 3897 corporum
459 3828 484 3872 α
498 3791 685 3898 progressa
707 3813 794 3882 runt,
826 3808 928 3870 etiam
952 3828 1093 3899 corpora
1113 3832 1139 3902 y
1161 3806 1213 3874 ad
1231 3807 1317 3875 idem

262 3940 445 3996 extremum
462 3954 486 3997 οι
496 3950 695 4022 pervenere,
713 3964 762 3974 —
779 3940 818 3996 ut
831 3953 921 3996 ιιιιιτο
937 3935 987 3998 ita
1004 3930 1163 4027 desparata
1179 3941 1260 4000 sint:

362 4077 684 4125 αααααααυ

701 4176 1114 4276 βάβάββάβᾚ

632 4336 689 4378 «⁴
706 4308 731 4404 ν
751 4332 776 4403 ι
798 4333 824 4403 ι
845 4333 870 4404 ι
891 4333 916 4404 ι
935 4335 959 4404 ι
979 4333 1005 4406 ι
1023 4333 1048 4405 ν
