3054 5174
698 417 743 494 31

192 651 284 723 unde
300 648 646 748 apparet'diserimen
663 651 696 719 in
712 649 826 721 verbis
840 659 966 744 tantum
978 646 1184 748 dicendique
1195 679 1246 724 ra-

192 780 284 850 tione
298 780 447 874 positum
464 801 552 860 esse,
565 800 636 845 rem
649 787 761 846 autem
777 775 907 872 ubique
924 773 1066 846 eandem
1083 775 1246 870 doceri.*)

265 899 337 974 Sed
364 903 425 974 alia
452 897 631 972 dillieultas
657 900 703 972 illi
734 897 830 986 loeo,
861 901 954 972 unde
986 901 1248 998 egrediebamur

192 1026 496 1120 (V‚1)inhaeret;
522 1027 731 1098 Aristoteles
759 1029 847 1098 enim
873 1030 905 1097 in
933 1029 1060 1124 protasi
1081 1025 1179 1118 (22d,
1197 1027 1246 1102 34

191 1155 265 1228 ἐπεὶ
283 1155 322 1228 d'
343 1154 418 1228 ἐστὶ
430 1153 501 1251 μὲν
511 1183 543 1228 κ.
552 1183 581 1226 r.
592 1154 639 1237 λ.)
658 1164 803 1250 quatuor
820 1150 893 1223 illas
911 1178 966 1223 res
979 1154 1084 1228 -τὸ
1102 1165 1245 1249 κινοῦν,

190 1281 232 1353 nd
256 1278 490 1376 κινούμενον,
516 1279 583 1354 τὸν
603 1276 761 1376 χρόνον,
790 1279 832 1352 τὸ
852 1283 888 1362 ἐξ
912 1271 957 1352 οὗ
977 1291 1011 1350 et
1029 1280 1071 1352 nd
1090 1285 1140 1366 εἰς
1157 1282 1177 1356 ὃ
1197 1325 1243 1336 -

191 1432 392 1477 enumerans
416 1418 573 1504 tanquam
599 1405 754 1500 exemplo
780 1406 844 1489 rei,
872 1429 959 1502 quae
991 1429 1033 1475 ex
1066 1406 1179 1504 aliquo
1212 1411 1245 1480 in

191 1532 317 1630 aliquid
337 1545 521 1617 moveatur,
540 1521 633 1627 ligno
652 1556 734 1601 usus
753 1542 821 1616 est,
840 1530 933 1628 quod
948 1528 1079 1602 calefiat
1098 1545 1132 1603 et
1150 1533 1245 1604 relri-

191 1670 319 1754 gescat,
338 1659 370 1727 in
390 1657 534 1754 apodosi
553 1669 665 1728 autem
685 1657 733 1749 (b,
752 1655 775 1729 lt
795 1656 815 1752 ἡ
834 1657 881 1752 δὴ
899 1656 1041 1752 κίνησις
1058 1658 1171 1754 δῆλον
1189 1661 1244 1734 ὅτι

191 1789 231 1857 ἐν
246 1793 299 1880 τῷ
317 1780 425 1880 ξύλῳ,
445 1785 515 1857 οὐκ
532 1787 573 1859 ἐν
589 1792 642 1880 τῷ
660 1784 765 1858 εἴδει·
785 1786 870 1857 οὔτε
887 1784 961 1884 γὰρ
979 1793 1071 1859 κινεῖ
1089 1787 1173 1860 odra
1190 1816 1246 1860 κι-

190 1917 305 1985 νεῖται
324 1909 366 1983 τὸ
385 1909 481 1992 εἶδος
498 1908 560 2004 ἢὸ
579 1907 728 2004 adnecti
756 1909 798 1984 τὸ
823 1907 993 2002 τοσόνδε)
1022 1909 1105 1982 illud
1130 1935 1245 1984 exem-

192 2032 293 2130 plum,
312 2033 405 2132 quod
422 2035 658 2131 parenthetice
676 2047 805 2106 tantum
823 2037 952 2131 protasi
966 2034 1153 2123 addiderat,
1171 2048 1245 2110 tan·

194 2185 289 2257 quam
309 2185 379 2231 rem
394 2162 458 2232 iarn
471 2160 693 2258 principalem
707 2163 805 2258 ponit
820 2187 860 2232 ae
877 2185 921 2232 ne
935 2159 970 2231 id
986 2161 1124 2257 quidem
1139 2176 1245 2250 reete,

192 2285 374 2356 dicendum
401 2288 489 2357 enim
516 2287 633 2359 saltem
654 2299 740 2358 erat:
766 2287 789 2382 ἡ
815 2286 862 2382 δὴ
886 2285 1026 2382 κίνησις
1051 2287 1165 2383 δῆλον
1188 2289 1244 2364 ὅτι

190 2416 230 2487 ἐν
246 2421 301 2510 τῷ
323 2409 432 2509 ξύλῳ,
459 2414 528 2486 οὐκ
554 2417 594 2487 ἐν
619 2422 672 2512 τῷ
696 2417 831 2511 θερμῷ
856 2413 919 2486 καὶ
942 2423 1087 2512 ψυχρῷ.
1125 2412 1245 2494 Qualis

190 2540 492 2636 argumentationis
524 2539 730 2634 negligentia
764 2563 866 2636 quum
890 2540 922 2610 in
947 2535 1137 2611 Aristotele
1163 2539 1245 2612 ferri

166 2659 169 2664 ’
190 2691 258 2735 non
276 2667 395 2760 possit,
414 2691 431 2734 a
452 2665 594 2736 librariis
611 2665 716 2736 verba
736 2663 917 2761 depravata
937 2690 1013 2736 esse
1032 2663 1192 2738 videntur
1209 2680 1245 2739 et

192 2817 255 2886 pro
275 2795 314 2866 ἐν
332 2799 384 2888 τῷ
402 2787 498 2888 ’ξύλῳ
524 2789 708 2886 legendum
733 2794 773 2865 ἐν
789 2799 834 2886 τῇ
851 2790 932 2886 ὕλῃ,
961 2792 1057 2862 cuius
1075 2792 1246 2887 glossema

190 2915 272 2988 illud
290 2916 430 2992 alterum
449 2928 571 3012 postea
590 2918 623 2986 in
642 2928 771 2987 textum
783 2918 921 2987 venerit.
936 2957 985 2968 -
1000 2913 1130 2988 Verum
1145 2921 1245 2991 etiam

193 3067 231 3114 ea
250 3044 369 3128 verba,
395 3067 482 3139 quae
506 3043 618 3114 statim
642 3042 820 3140 sequentia
838 3044 988 3139 priorum
1008 3067 1142 3114 eausam
1162 3069 1245 3116 eou-

191 3171 315 3255 tinent,
334 3181 492 3265 corrupta
510 3169 659 3240 lectione
678 3194 815 3240 sensum
834 3168 1078 3253 obscuravere3
1103 3168 1245 3242 codices

190 3298 233 3366 ita
255 3294 433 3366 exhibent:
458 3295 543 3368 οὔτε
568 3294 641 3395 γὰρ
664 3302 759 3370 κινεῖ
774 3296 857 3368 οὔτε
876 3299 1028 3367 κινεῖται
1048 3294 1091 3368 τὸ
1108 3295 1204 3380 εἶδος
1220 3295 1250 3390 ἢ

190 3421 210 3495 ὁ
228 3418 339 3504 adnue
355 3419 377 3515 ἢ
396 3420 439 3494 τὸ
457 3418 628 3514 τοσόνδε,
655 3421 729 3494 ἀλλ’
755 3423 827 3494 ἔστι
846 3427 977 3494 κινοῦν
994 3419 1057 3494 καὶ
1073 3417 1245 3518 κινούμε-

188 3576 257 3622 νον
274 3546 336 3620 καὶ
355 3551 404 3628 εἰς
428 3547 449 3620 ὃ
471 3553 641 3639 κινεῖται,
672 3571 814 3643 quorum
839 3547 952 3640 priora
978 3569 1041 3642 per
1065 3569 1103 3616 se
1128 3563 1244 3642 aperta

190 3684 268 3744 sunt
291 3672 433 3767 (forma
450 3681 536 3742 enim
554 3686 587 3742 et
600 3680 744 3769 spatium
762 3684 795 3740 et
808 3681 978 3768 quantitas
999 3699 1102 3768 neque
1118 3687 1248 3743 movent

191 3809 389 3820 .....-----

240 3869 269 3938 θ’)
286 3866 406 3920 Prorsus
424 3868 533 3921 diversa
551 3873 593 3921 est
611 3867 710 3921 divisio
728 3883 817 3936 neque
835 3883 896 3920 eum
915 3867 959 3920 his
976 3865 1123 3931 miscenda,
1142 3882 1196 3935 qua
1214 3867 1244 3922 τό

191 3966 285 4017 κινοῦν
302 3968 330 4014 et
347 3960 377 4016 τὸ
395 3959 557 4030 κινούμενον
575 3967 603 4014 et
619 3959 649 4015 τὸ
669 3950 691 4030 ᾧ
707 3959 742 4014 iis
765 3959 838 4013 locis
862 3958 1075 4030 distinguuntur,
1099 3959 1147 4012 obi
1166 3961 1201 4031 (e.
1220 3975 1243 4030 g.

191 4055 357 4124 v111,5‚p.
376 4051 439 4116 256,
458 4053 489 4117 b,
514 4053 546 4107 15
564 4059 624 4126 τρία
642 4051 696 4124 γὰρ
715 4051 822 4123 ἀνάγκη
840 4049 908 4106 εἶναι
927 4049 957 4107 τό
975 4072 1002 4106 ιε
1020 4049 1181 4118 κινούμενον
1197 4058 1244 4107 καὶ

191 4147 221 4202 ιό
239 4151 334 4202 κινοῦν
351 4150 397 4200 καὶ
415 4144 444 4199 τὸ
464 4137 486 4216 ᾧ
504 4146 586 4215 κινεῖ)
610 4145 643 4198 de
667 4143 741 4198 serie
758 4161 850 4198 rerum
873 4149 1009 4198 motarum
1028 4159 1112 4213 seque
1128 4143 1244 4198 invicem

190 4239 356 4292 moventium
375 4237 476 4307 agilum
499 4254 569 4306 quae
594 4236 720 4292 doctriua
744 4255 804 4292 rum
828 4242 904 4290 motu
928 4252 979 4307 per
996 4252 1026 4289 so
1045 4236 1107 4306 ipso
1125 4252 1180 4290 non
1197 4252 1244 4290 eo-

192 4331 295 4386 haeret.
