3054 5174
700 410 745 486 13

196 670 265 742 qun
291 642 425 716 accedit
448 642 629 714 verborum
654 642 804 736 ipsorum
828 661 950 722 nexus,
972 659 1116 734 quorum
1140 635 1242 710 altera

198 797 274 866 pars
292 770 337 860 (v.
355 765 404 843 29
429 762 484 844 ὦν
500 767 573 868 γὰρ
592 771 769 858 συνεχοῦς
785 791 817 836 κ.
837 793 868 836 τ.
887 771 928 836 λζ
943 785 1054 860 usque
1075 760 1121 834 ad
1138 763 1178 848 b,
1202 760 1242 849 9)

194 897 238 969 τὸ
255 895 355 978 τέλος
371 919 433 966 seu
449 893 493 967 τὸ
511 885 556 967 οὗ
574 893 679 966 ἕνεκα
697 889 847 986 respicit,
864 887 967 960 altera
985 885 1066 980 (b,9
1079 891 1152 963 ἔστι
1160 897 1242 964 τῶν

193 1016 285 1116 πρός
307 1049 341 1092 τι
366 1019 389 1113 ἡ
417 1016 486 1111 ὕλη
494 1075 504 1110 ,
531 1017 628 1112 ἄλλῳ
650 1014 724 1116 γὰρ
748 1013 834 1088 εἴδει
858 1014 947 1108 ἄλλη
971 1012 1056 1107 ὕλη)
1078 1012 1120 1088 τὸ
1138 1010 1243 1088 ἕνεκά

192 1172 271 1216 του.
293 1183 339 1196 -·
374 1140 485 1213 Porro
504 1142 538 1226 b,
555 1137 580 1213 4
596 1167 658 1237 pro
677 1139 791 1213 verbis
807 1137 831 1233 ἡ
850 1138 1136 1235 ἅρχιτεκτονιιιὴ,
1159 1137 1182 1233 ἦ
1201 1137 1242 1213 δὲ

194 1267 376 1362 legendum
402 1279 454 1340 est
478 1267 501 1362 ἡ
526 1264 565 1341 δὲ
590 1263 876 1364 ἄρχιτεκτονικὴ,
902 1266 936 1334 in
959 1262 1243 1338 antecedentibus

196 1397 284 1464 enim
303 1419 405 1491 quum
423 1391 630 1465 Aristoteles
641 1390 772 1474 dixerit,
791 1388 858 1460 duo
876 1412 953 1460 esse
971 1391 1088 1460 artium
1107 1415 1243 1485 genem,

196 1520 332 1590 alteram
351 1519 483 1612 τέχνην
495 1517 704 1615 χρωμένην,
731 1515 867 1586 alteram
892 1539 974 1586 vero
994 1516 1242 1611 ἀρχιτεκτονι-

192 1644 274 1738 κὴν,
287 1668 375 1741 quae
388 1642 431 1714 ad
445 1642 637 1738 ποιητικὰς
649 1645 826 1739 pertineat,
845 1641 909 1710 iam
930 1639 1046 1712 harum
1060 1638 1241 1712 discrimen

193 1795 262 1840 nen
281 1771 315 1839 in
335 1793 377 1840 eo
395 1793 526 1866 ponere
543 1780 669 1865 potest,
687 1779 724 1838 ut
742 1763 1019 1864 ἅρχιτεκτονικὴ
1035 1772 1110 1838 τοῦν
1122 1763 1243 1847 εἴδους

191 1893 427 1994 χνωριστικὴ,
442 1895 617 1992 χρωμένη
634 1917 717 1964 vero
734 1901 799 1987 τῆς
814 1890 903 1986 ίίλης
919 1888 1087 1985 ποιητικὴ
1104 1891 1165 1975 sit;
1190 1891 1242 1962 sin

192 2020 448 2105 mutaverimus,
475 2017 759 2117 quemadmodum
787 2016 946 2102 diximus,
977 2016 1105 2113 optime
1131 2016 1242 2088 omnia

192 2143 401 2240 procedunt:
427 2141 497 2220 δύο
516 2145 555 2217 αἱ
637 2144 782 2238 τέχναι,
808 2139 833 2235 ἥ
851 2171 890 2215 τε
904 2142 1079 2238 χρωμένη
1101 2139 1243 2234 καὶτῆς

193 2277 379 2364 ποιητικῆς
396 2269 418 2363 ἡ
437 2268 713 2367 ἀρχιτεκτονικὴ
723 2327 733 2362 ,
753 2266 812 2343 διὸ
830 2266 893 2342 καὶ
909 2267 932 2361 ἡ
946 2266 1120 2362 χρωμένη
1137 2267 1243 2363 ἀρχι-

193 2391 382 2489 τεκτονική
399 2421 493 2489 πως,
516 2393 681 2493 διαφέρει
698 2392 738 2468 δὲ
756 2386 779 2490 ᾗ
799 2391 822 2487 ἡ
839 2390 909 2488 μὲν
924 2399 993 2467 τοῦ
1010 2390 1130 2475 εἴδους
1144 2420 1244 2494 χνω-

195 2520 347 2616 ριοτικὴ,
366 2519 389 2614 ἡ
407 2519 447 2595 δὲ
466 2517 740 2618 ἀρχιτεκτονικὴ
759 2517 809 2600 ὥς
825 2517 992 2613 ποιητικὴ
1006 2526 1070 2614 τῆς
1084 2517 1240 2613 ὕλης,-

195 2647 298 2716 etsie
316 2644 451 2717 demum
477 2644 685 2741 exemplum,
710 2641 803 2740 quod
829 2647 998 2742 sequitur,
1024 2645 1195 2740 congruit:
1221 2642 1241 2717 ὃ

192 2769 263 2866 μὲν
282 2770 355 2872 γὰρ
382 2767 609 2870 κυβερνήτης
626 2769 668 2862 (i.
687 2794 715 2840 e.
733 2769 755 2843 ’ὃ
768 2764 982 2868 χριόμενος)
1008 2767 1116 2845 ποῖόν
1137 2799 1172 2844 τι
1198 2769 1241 2844 τὸ

195 2895 292 2980 εἶδος
307 2905 374 2971 τοῦ
391 2895 573 2991 πηδαλίου
588 2894 759 2995 γνωρίζει
782 2894 845 2968 καὶ
870 2891 1064 2989 ἐπιτάττει,
1090 2894 1110 2968 ὃ
1134 2893 1175 2970 δὲ
1194 2935 1241 2950 ·-

195 3025 258 3093 iam
277 3047 359 3094 vero
387 3019 513 3092 excidit
540 3020 743 3092 vocabulum
762 3021 987 3118 ἀρχιτέκτων
1002 3059 1052 3074 -
1070 3023 1110 3094 ἐκ
1133 3019 1243 3096 ποίου

193 3144 305 3232 ξύλου
326 3147 389 3222 καὶ
411 3144 529 3221 ποίων
550 3143 731 3240 κινήσεων
754 3148 865 3220 ἔσται.
890 3186 940 3200 -
981 3142 1106 3242 Longe
1129 3157 1241 3218 autem

195 3269 387 3344 difficillima
404 3281 575 3368 postrema
600 3269 700 3344 huius
725 3273 845 3368 eapitis
863 3272 968 3345 verba
985 3288 1071 3344 sunt.
1106 3267 1241 3344 Aristo-

194 3397 280 3468 teles
297 3409 478 3494 postquam
496 3395 624 3482 docuit,
641 3408 794 3469 neutram
807 3409 945 3470 naturae
957 3395 1240 3498 partemphysieo

193 3521 432 3620 negligendam
453 3545 547 3607 esse,
569 3523 615 3592 ita
640 3523 754 3619 pergit
771 3525 820 3619 (p.
840 3519 921 3606 194,
939 3524 972 3609 b,
990 3520 1045 3613 9):
1069 3524 1174 3621 μέχρι
1193 3521 1241 3617 δὴ

192 3645 311 3724 πόσου
334 3648 402 3724 τὸν
430 3647 591 3745 φυσικὸν
617 3647 676 3724 δεῖ
695 3647 831 3723 εἰδέναι
854 3648 896 3722 τὸ
921 3648 1017 3731 εἶδος
1046 3647 1110 3722 καὶ
1137 3647 1181 3722 τὸ
1205 3646 1241 3722 τί

193 3777 310 3861 ineam
328 3771 350 3866 ἢ
364 3771 486 3870 ὥσπερ
500 3772 630 3871 ἰατρὸν
643 3780 778 3870 νεῦρον
789 3770 812 3865 ἢ
821 3774 959 3867 χαλκέα
966 3773 1120 3868 χαλκὸν,
1132 3774 1240 3872 μέχρι

192 3917 278 3971 τοο·
296 3897 395 3981 τινὸς
410 3898 484 3999 γὰρ
502 3899 607 3974 ἕνεκα
625 3899 790 3992 ἕκαστον,
809 3897 872 3972 καὶ
888 3898 970 3997 περὶ
978 3907 1108 3994 ταῦτα,
1128 3898 1240 3974 ἅέστι

188 4023 354 4120 χωριστὰ
368 4022 438 4120 μὲν
450 4021 549 4116 εἴδει,
568 4027 609 4099 ἐν
624 4023 693 4118 ὕλη
709 4022 766 4098 δέ·
786 4025 987 4122 ἄνθρωπος
998 4022 1071 4126 γὰρ
1086 4025 1240 4121 ἄνθρω-

192 4178 264 4224 πον
279 4158 392 4250 γεννᾷ
411 4149 474 4223 καὶ
490 4148 607 4244 ἥλιος·
626 4156 704 4231 πῶς
721 4148 758 4221 δ’
778 4150 906 4244 ἔχειτὰ
920 4149 1107 4246 χωριστὸν
1124 4149 1187 4224 καὶ
1203 4148 1239 4222 τί

191 4279 284 4367 ἐστι,
310 4274 532 4372 φιλοσοφίας
555 4283 619 4369 τῆς
636 4270 781 4372 πρώτης
798 4274 959 4372 διορίσαι
978 4277 1107 4373 έργονῗ
1125 4315 1175 4330 --
1193 4276 1238 4348 ita
